"externalsessionid";"timestamp";"eventdate";"ordernumber";"pricecents";"totalcents";"quantity";"product_id"
98116;1462608239427;"2016-05-07";64735;2120;2120;1;49
77259;1456576112598;"2016-02-27";54213;140;140;1;434
66019;1458558480457;"2016-03-21";85664;771;771;1;442
49928;1462621520923;"2016-05-07";96158;771;771;1;442
82891;1454747015246;"2016-02-06";48799;3517;3517;1;693
66732;1458045802239;"2016-03-15";46199;541;541;1;716
42197;1455255479506;"2016-02-12";52080;184;184;1;739
13362;1459313719893;"2016-03-30";70900;272;272;1;840
27191;1443686237826;"2015-10-01";28819;891;891;1;1350
27931;1459678814250;"2016-04-03";98051;891;891;1;1350
99417;1458476378201;"2016-03-20";77242;58;58;1;1448
75742;1454995964512;"2016-02-09";57957;1031;1031;1;1692
98141;1461685700703;"2016-04-26";28893;189;189;1;1698
16388;1454054200851;"2016-01-29";4792;4390;4390;1;1906
41031;1458034591719;"2016-03-15";50733;2896;2896;1;2160
13863;1457183385223;"2016-03-05";77084;1209;1209;1;2252
77088;1458482328506;"2016-03-20";9122;1209;1209;1;2252
41771;1464182614702;"2016-05-25";74951;1209;1209;1;2252
79266;1459069055424;"2016-03-27";41518;1333;1333;1;2269
44620;1462027040570;"2016-04-30";81928;278;278;1;2917
95895;1460461072893;"2016-04-12";38286;488;488;1;3176
18523;1461052067122;"2016-04-19";18308;488;488;1;3176
42075;1458756676092;"2016-03-23";59978;1097;1097;1;3286
40875;1459365525455;"2016-03-30";32797;1097;1097;1;3286
40875;1459366784187;"2016-03-30";44273;1097;1097;1;3286
47525;1461565097700;"2016-04-25";77150;1097;1097;1;3286
53374;1458732324434;"2016-03-23";29918;1314;1314;1;3786
61190;1458027944384;"2016-03-15";99035;228;228;1;4063
43752;1457342009515;"2016-03-07";43560;1184;1184;1;4158
28433;1462543507573;"2016-05-06";46981;175;175;1;4166
90677;1464516662398;"2016-05-29";70609;443;443;1;4421
10271;1462691320897;"2016-05-08";97090;709;709;1;4491
41490;1460901423887;"2016-04-17";21313;465;465;1;4624
67117;1460395641384;"2016-04-11";84021;792;792;1;4712
30730;1461752661124;"2016-04-27";71635;792;792;1;4712
26651;1463219988709;"2016-05-14";58096;792;792;1;4712
10031;1460047244458;"2016-04-07";54574;263;263;1;5452
10031;1460049950737;"2016-04-07";81098;263;263;1;5452
91058;1455691181001;"2016-02-17";93321;313;313;1;6763
97914;1456422180948;"2016-02-25";38155;446;446;1;6828
27460;1457750180265;"2016-03-12";58770;2539;2539;1;6860
92858;1454751671260;"2016-02-06";46053;410;410;1;6901
57005;1461172230372;"2016-04-20";52264;1097;1097;1;6966
36349;1463039074702;"2016-05-12";66035;989;989;1;7110
64465;1460196905229;"2016-04-09";53178;258;258;1;7197
83190;1459855764057;"2016-04-05";86726;495;495;1;7280
82928;1460881931470;"2016-04-17";54992;136;136;1;7694
62626;1458222380568;"2016-03-17";23230;635;635;1;8014
78238;1462772130328;"2016-05-09";78013;516;516;1;8089
66502;1457689477561;"2016-03-11";43254;405;405;1;8134
19561;1460437612100;"2016-04-12";26159;446;892;2;8681
26483;1461088816201;"2016-04-19";51488;3281;3281;1;8736
14736;1456970213446;"2016-03-03";45025;269;269;1;8784
47532;1459362946629;"2016-03-30";16223;1113;1113;1;8819
48328;1459347913092;"2016-03-30";86250;163;326;2;8830
4385;1460697539885;"2016-04-15";52203;838;838;1;8859
1358;1460783512575;"2016-04-16";21640;838;838;1;8859
83132;1462774628896;"2016-05-09";77703;838;838;1;8859
41518;1459100683695;"2016-03-27";53961;704;704;1;8990
70345;1458280148419;"2016-03-18";35657;317;634;2;9007
25477;1464695094625;"2016-05-31";85643;481;481;1;9016
99636;1464243563288;"2016-05-26";7084;425;425;1;9295
88901;1440335121274;"2015-08-23";50747;134;134;1;9895
67548;1455858508442;"2016-02-19";95070;228;228;1;10485
46705;1458546127073;"2016-03-21";61777;3126;3126;1;10632
97112;1459771159684;"2016-04-04";63101;3126;3126;1;10632
13869;1458548582185;"2016-03-21";50515;549;549;1;10785
94971;1462361867310;"2016-05-04";52321;596;596;1;10831
94381;1461752264210;"2016-04-27";56983;300;300;1;10874
70338;1462652189664;"2016-05-07";56506;357;357;1;10917
1924;1456999633651;"2016-03-03";45214;491;1964;4;10946
52215;1461122621784;"2016-04-20";40470;491;1964;4;10946
55433;1459421221909;"2016-03-31";9734;609;609;1;11117
8194;1453260070177;"2016-01-20";21039;10441;10441;1;11607
22667;1463084366591;"2016-05-12";51600;996;996;1;11832
49191;1460651693197;"2016-04-14";93246;254;254;1;11980
66502;1457689477561;"2016-03-11";43254;5293;5293;1;11981
38762;1458751987960;"2016-03-23";67866;1323;1323;1;12147
98472;1460438910936;"2016-04-12";21910;776;3104;4;12236
50483;1463377236648;"2016-05-16";61766;251;251;1;12661
24017;1463582834682;"2016-05-18";27578;855;855;1;12824
8713;1462257089900;"2016-05-03";80529;1046;1046;1;12924
88367;1457785865861;"2016-03-12";36923;709;709;1;13119
92309;1463109146155;"2016-05-13";87246;1121;1121;1;13144
92309;1463069759812;"2016-05-12";87246;1121;1121;1;13144
92309;1463226917034;"2016-05-14";87246;1121;1121;1;13144
58952;1457628173531;"2016-03-10";89886;1409;1409;1;13542
14898;1461957344793;"2016-04-29";98362;592;2368;4;13657
80706;1452577560435;"2016-01-12";14278;338;338;1;13700
61546;1460955189860;"2016-04-18";45227;207;207;1;13736
95895;1460461072893;"2016-04-12";38286;298;298;1;13812
64048;1464615433458;"2016-05-30";51068;867;867;1;13869
21576;1457971039962;"2016-03-14";65939;1333;1333;1;14263
8014;1440071646677;"2015-08-20";77852;765;765;1;14296
41763;1460203710465;"2016-04-09";55317;207;207;1;14535
67869;1460092339960;"2016-04-08";17437;2304;2304;1;15288
88326;1457627603114;"2016-03-10";68227;296;296;1;15377
97174;1456940248653;"2016-03-02";43150;2106;2106;1;15708
74467;1460666954991;"2016-04-14";66770;2106;2106;1;15708
10885;1463824363333;"2016-05-21";73792;588;2352;4;15958
5470;1448289132287;"2015-11-23";53899;383;383;1;16204
72595;1458201280459;"2016-03-17";61851;1003;1003;1;16666
80456;1462121874616;"2016-05-01";98301;530;530;1;16672
58276;1464326929657;"2016-05-27";56872;428;428;1;16679
32294;1457455330510;"2016-03-08";33169;449;449;1;16787
12072;1456298218031;"2016-02-24";62572;1075;1075;1;16796
89997;1458913976762;"2016-03-25";87361;1438;1438;1;17213
3822;1461487007171;"2016-04-24";78555;1031;1031;1;17402
89224;1464548401977;"2016-05-29";25696;229;229;1;17442
27555;1454652317463;"2016-02-05";68958;385;385;1;17497
94437;1459675308626;"2016-04-03";1034;904;904;1;17593
10534;1463466796773;"2016-05-17";43495;385;385;1;17622
64477;1461759466253;"2016-04-27";11509;512;2048;4;17736
38569;1461930054675;"2016-04-29";46915;393;393;1;17886
27477;1456918726383;"2016-03-02";3896;996;996;1;18147
67986;1461487432277;"2016-04-24";52428;2195;2195;1;18993
24689;1452951996878;"2016-01-16";18684;163;163;1;19082
99111;1453377017516;"2016-01-21";29041;236;236;1;19091
83197;1459848396586;"2016-04-05";25563;1269;1269;1;19143
70718;1463895982604;"2016-05-22";33245;1574;1574;1;19668
86651;1449337459075;"2015-12-05";59398;776;776;1;19722
79990;1453949283187;"2016-01-28";42312;855;855;1;19743
92943;1458225515020;"2016-03-17";42918;695;695;1;19936
82794;1455897540038;"2016-02-19";70283;695;695;1;19936
30226;1458828319850;"2016-03-24";58653;917;917;1;20051
32415;1463485531399;"2016-05-17";91773;360;360;1;20063
28688;1453132224071;"2016-01-18";33093;300;300;1;20199
40405;1457877953588;"2016-03-13";54669;1075;1075;1;20466
78967;1455302406133;"2016-02-12";84258;1105;1105;1;20535
99528;1461216574286;"2016-04-21";33219;1428;1428;1;20704
23873;1460100924048;"2016-04-08";41962;1808;1808;1;20902
29276;1461611582494;"2016-04-25";3287;1808;1808;1;20902
36897;1464764358119;"2016-06-01";90564;1808;1808;1;20902
59024;1458635388116;"2016-03-22";85283;345;345;1;21379
92858;1454696569401;"2016-02-05";32996;4153;4153;1;21401
49924;1457804166826;"2016-03-12";22225;657;657;1;21474
56166;1458928641444;"2016-03-25";31052;4012;4012;1;21484
80980;1457608758572;"2016-03-10";6179;174;174;1;21659
45409;1460507212317;"2016-04-13";73550;174;348;2;21659
40556;1461531615568;"2016-04-25";97928;174;348;2;21659
40556;1461530223564;"2016-04-24";97928;174;348;2;21659
11425;1461931914098;"2016-04-29";84458;1552;1552;1;22001
57928;1457261040663;"2016-03-06";78930;282;282;1;22190
61012;1454859348343;"2016-02-07";98687;267;267;1;22222
23263;1456504130864;"2016-02-26";42565;495;990;2;22432
77450;1457371797697;"2016-03-07";24194;1090;1090;1;22516
66858;1462615379992;"2016-05-07";34391;428;2996;7;22528
85150;1457165950076;"2016-03-05";3367;428;428;1;22758
1238;1460884329973;"2016-04-17";8582;357;357;1;23037
59123;1459671458948;"2016-04-03";89118;302;302;1;23249
77130;1464280937821;"2016-05-26";95091;553;553;1;23271
98;1462371042319;"2016-05-04";88204;1152;1152;1;23353
22021;1459577702640;"2016-04-02";12974;849;849;1;23415
69946;1459838124270;"2016-04-05";36172;820;820;1;23456
14026;1456943376396;"2016-03-02";39827;704;704;1;23510
32286;1459582549032;"2016-04-02";27859;1010;2020;2;23547
61373;1456607989805;"2016-02-28";45972;855;855;1;23603
41863;1463993190762;"2016-05-23";38;385;385;1;23841
55431;1453372839388;"2016-01-21";23663;1218;1218;1;24027
54552;1464698965804;"2016-05-31";52381;180;180;1;24045
73132;1455783989550;"2016-02-18";77052;317;3170;10;24268
18001;1462137178399;"2016-05-02";5003;2759;2759;1;24408
47200;1458157380783;"2016-03-16";56366;440;440;1;24501
17174;1461754420104;"2016-04-27";19933;425;425;1;24556
90677;1464516662398;"2016-05-29";70609;425;425;1;24556
68357;1460917715500;"2016-04-17";3493;402;402;1;24654
22428;1461732600950;"2016-04-27";66278;771;771;1;24760
61373;1456607989805;"2016-02-28";45972;744;744;1;24800
30658;1456342114598;"2016-02-24";25072;820;820;1;25084
82658;1457886176254;"2016-03-13";36498;530;530;1;25176
50346;1459683346359;"2016-04-03";51306;343;343;1;25208
73353;1460812813101;"2016-04-16";37496;271;271;1;25221
70880;1458571843664;"2016-03-21";42647;284;284;1;25304
17247;1455253403861;"2016-02-12";88284;1305;1305;1;25371
27896;1458563269591;"2016-03-21";25895;1305;1305;1;25371
71384;1458624803552;"2016-03-22";74162;1305;1305;1;25371
46029;1464331337656;"2016-05-27";8754;1305;1305;1;25371
20642;1464761185599;"2016-06-01";28711;1305;1305;1;25371
64937;1460369375568;"2016-04-11";54644;792;792;1;25604
20788;1455893897407;"2016-02-19";47314;2435;2435;1;25645
76897;1452530739011;"2016-01-11";7679;962;962;1;25852
79485;1455954395253;"2016-02-20";87902;838;838;1;25944
78607;1459930395758;"2016-04-06";52273;1846;1846;1;26343
82197;1460654927867;"2016-04-14";1782;1846;1846;1;26343
98508;1463114807789;"2016-05-13";3257;556;556;1;26387
42851;1460035316184;"2016-04-07";67418;241;482;2;26433
94185;1460414308527;"2016-04-12";19230;609;609;1;26905
80816;1456143185065;"2016-02-22";55131;1128;1128;1;27042
95505;1463054958119;"2016-05-12";84398;220;220;1;27368
65788;1453124234204;"2016-01-18";77464;335;335;1;27551
30083;1463215017820;"2016-05-14";58175;309;309;1;27719
95974;1459956932655;"2016-04-06";64361;885;885;1;27947
86808;1455519445228;"2016-02-15";82969;137;137;1;27987
39573;1460059051750;"2016-04-07";1244;2304;2304;1;28468
80506;1459685674006;"2016-04-03";81258;372;372;1;28641
83055;1458549468534;"2016-03-21";76812;760;760;1;28692
72687;1451510818301;"2015-12-31";1133;484;484;1;28734
4160;1464023818161;"2016-05-23";3802;362;362;1;29484
36069;1457952741665;"2016-03-14";31733;396;396;1;29510
470;1460481980060;"2016-04-12";76284;2435;2435;1;29681
87677;1459360298079;"2016-03-30";34806;553;1106;2;29771
50812;1453620124693;"2016-01-24";13703;838;838;1;29830
92540;1460029034863;"2016-04-07";10077;838;838;1;29830
62358;1460311791023;"2016-04-10";88017;290;290;1;30254
90498;1453417317731;"2016-01-22";4410;3397;3397;1;30520
96803;1461619570988;"2016-04-26";71407;340;340;1;30814
75267;1463075758722;"2016-05-12";91319;556;556;1;31145
41297;1459005667873;"2016-03-26";54769;116;116;1;31696
73249;1451066500680;"2015-12-25";19977;1105;1105;1;31914
80084;1459779133165;"2016-04-04";30376;1105;1105;1;31914
99082;1462943780238;"2016-05-11";66359;1105;1105;1;31914
36812;1458492840903;"2016-03-20";59877;2195;2195;1;32117
80894;1461000869844;"2016-04-18";12990;2195;2195;1;32117
72653;1455860920890;"2016-02-19";95984;355;355;1;32196
49012;1453489990153;"2016-01-22";39052;117;117;1;32200
46564;1460233283646;"2016-04-09";7214;1287;1287;1;32352
59045;1462382979941;"2016-05-04";33688;4182;4182;1;32386
97518;1459092855693;"2016-03-27";57081;1090;1090;1;32761
91433;1459092373864;"2016-03-27";98554;1389;1389;1;32890
28009;1461148717361;"2016-04-20";93748;231;462;2;33697
91015;1461209084432;"2016-04-21";94002;1458;1458;1;33839
38750;1462465281250;"2016-05-05";12807;1458;1458;1;33839
79612;1455209467440;"2016-02-11";35712;1675;1675;1;33947
9605;1462899339346;"2016-05-10";66414;1675;1675;1;33947
64513;1460550730958;"2016-04-13";71038;537;537;1;34538
79242;1460913323499;"2016-04-17";68510;1128;1128;1;34967
50854;1460790426676;"2016-04-16";63772;568;568;1;35284
50854;1460716878064;"2016-04-15";63772;568;568;1;35284
37951;1464025255347;"2016-05-23";61431;431;431;1;35336
68559;1458015210831;"2016-03-15";21908;1489;2978;2;35358
21567;1464508618021;"2016-05-29";20709;112;112;1;35366
60041;1452422177771;"2016-01-10";4099;962;962;1;35471
17042;1460561112550;"2016-04-13";43823;626;626;1;35491
96665;1460687369790;"2016-04-15";13295;241;241;1;35555
62597;1453090764605;"2016-01-18";81800;885;1770;2;35648
32286;1459582549032;"2016-04-02";27859;969;969;1;35900
5799;1452528626953;"2016-01-11";96198;254;254;1;36070
73287;1453020852806;"2016-01-17";91988;254;254;1;36070
49927;1464064845354;"2016-05-24";77191;315;315;1;36152
8994;1463294360096;"2016-05-15";95578;699;699;1;36749
63036;1456308656846;"2016-02-24";90224;820;820;1;37050
8625;1459062022795;"2016-03-27";55522;820;820;1;37050
22797;1460449055044;"2016-04-12";42965;820;820;1;37050
10608;1457111206875;"2016-03-04";11702;1687;1687;1;37175
27555;1464154712812;"2016-05-25";95314;1226;1226;1;37414
74404;1462950668178;"2016-05-11";27164;260;260;1;37533
48946;1453975240465;"2016-01-28";57363;263;263;1;37795
87918;1457859607164;"2016-03-13";7489;402;402;1;37892
26853;1462473328448;"2016-05-05";27193;326;326;1;37920
20070;1464435854179;"2016-05-28";67473;352;352;1;38092
17247;1455253403861;"2016-02-12";88284;331;331;1;38203
53496;1452956787688;"2016-01-16";13435;630;630;1;39058
41470;1453188820960;"2016-01-19";80175;630;630;1;39058
5711;1462851790728;"2016-05-10";97855;771;771;1;39115
49191;1460651693197;"2016-04-14";93246;375;375;1;39159
3709;1462447566768;"2016-05-05";91969;666;666;1;39164
50209;1454001759123;"2016-01-28";46222;3641;3641;1;39729
795;1460449365662;"2016-04-12";81357;4738;4738;1;39939
92986;1458019560923;"2016-03-15";26265;380;380;1;40704
37628;1458632707776;"2016-03-22";44458;380;380;1;40704
3909;1463053758022;"2016-05-12";99697;380;380;1;40704
86854;1462362784466;"2016-05-04";82055;455;455;1;40857
66967;1460526948289;"2016-04-13";92219;2610;2610;1;40912
83626;1460911796813;"2016-04-17";12992;2610;2610;1;40912
34738;1464716167692;"2016-05-31";20214;2610;2610;1;40912
56198;1458033625296;"2016-03-15";40083;2574;2574;1;40963
16566;1460032563979;"2016-04-07";63200;2574;2574;1;40963
20656;1460824418551;"2016-04-16";33873;2574;2574;1;40963
13485;1459267684562;"2016-03-29";86605;443;443;1;40968
83924;1456419592431;"2016-02-25";35763;340;340;1;41242
76884;1456647895204;"2016-02-28";51966;272;272;1;41356
36667;1452253185599;"2016-01-08";69838;443;443;1;41373
14242;1460531448612;"2016-04-13";94675;461;461;1;41378
14512;1461663327254;"2016-04-26";93696;699;699;1;41433
73101;1455949620420;"2016-02-20";99960;719;719;1;41437
48303;1455343652463;"2016-02-13";90547;644;644;1;41442
70345;1458280148419;"2016-03-18";35657;849;1698;2;41616
29025;1462180256895;"2016-05-02";48135;1252;1252;1;42352
45974;1457365827730;"2016-03-07";63964;372;372;1;43410
94185;1461862868216;"2016-04-28";48640;553;553;1;43425
94185;1462003707175;"2016-04-30";80897;553;553;1;43425
33305;1464110587748;"2016-05-24";29697;519;519;1;43506
23572;1451969742708;"2016-01-05";13080;396;396;1;43899
40303;1461582432726;"2016-04-25";71092;333;333;1;43976
15272;1445146692389;"2015-10-18";21984;80;80;1;43989
39997;1452613471244;"2016-01-12";34332;352;352;1;44242
57005;1461168194877;"2016-04-20";41211;855;855;1;44369
89949;1458186828159;"2016-03-17";20544;734;734;1;44443
88479;1462981137358;"2016-05-11";65054;519;2076;4;44929
15558;1462556288507;"2016-05-06";78152;383;1532;4;44977
47885;1461140633717;"2016-04-20";30403;617;617;1;45052
50135;1462993900172;"2016-05-11";53759;367;367;1;45429
83180;1463059468994;"2016-05-12";10397;385;385;1;45495
47318;1460901355921;"2016-04-17";8691;695;695;1;45566
5639;1460615176268;"2016-04-14";35440;2778;2778;1;46273
24197;1462777505326;"2016-05-09";48164;976;976;1;46820
25602;1456398669685;"2016-02-25";29202;803;803;1;48038
95897;1454762821364;"2016-02-06";18436;588;588;1;48060
30461;1463302662721;"2016-05-15";47101;826;826;1;48153
60023;1455599957880;"2016-02-16";79275;657;657;1;48157
96954;1449340387068;"2015-12-05";52928;449;449;1;48195
30207;1455903124853;"2016-02-19";12079;440;440;1;48238
90498;1453417317731;"2016-01-22";4410;311;311;1;48540
99658;1464190347674;"2016-05-25";34434;1710;1710;1;48698
27061;1463067547283;"2016-05-12";3813;362;362;1;48739
96347;1455180720847;"2016-02-11";60018;2665;2665;1;48812
23435;1461503270542;"2016-04-24";30221;879;879;1;49147
90131;1463341553258;"2016-05-15";39640;272;272;1;49390
57942;1461917123314;"2016-04-29";52140;843;843;1;49729
18135;1462197366472;"2016-05-02";43665;843;843;1;49729
64048;1464615433458;"2016-05-30";51068;843;843;1;49729
89733;1458992043110;"2016-03-26";38755;843;843;1;49729
53101;1458805873295;"2016-03-24";20883;79;158;2;49998
44134;1457623580487;"2016-03-10";54727;556;556;1;50164
27934;1462623326740;"2016-05-07";8794;1160;1160;1;50221
45724;1464673560732;"2016-05-31";58765;407;407;1;50404
19772;1459591032214;"2016-04-02";29576;2353;2353;1;50519
53700;1460575998886;"2016-04-13";41130;936;936;1;50524
80123;1457099950324;"2016-03-04";23409;3281;3281;1;50545
74847;1461677431629;"2016-04-26";31382;584;2336;4;50848
97538;1463032100186;"2016-05-12";37058;311;1244;4;50957
74467;1460666954991;"2016-04-14";66770;1193;1193;1;50990
67311;1461145962525;"2016-04-20";68881;269;269;1;51353
41675;1456936941934;"2016-03-02";55143;2241;2241;1;51364
11485;1458144001704;"2016-03-16";76526;2241;2241;1;51364
34414;1456937825106;"2016-03-02";47535;626;626;1;51791
77540;1461171830559;"2016-04-20";21738;626;626;1;51791
43414;1463731703262;"2016-05-20";58656;1235;1235;1;51975
67298;1452346482867;"2016-01-09";97181;333;333;1;52078
36010;1454319219967;"2016-02-01";34888;333;333;1;52078
41665;1461095175032;"2016-04-19";24233;474;474;1;52113
41148;1461771770948;"2016-04-27";72314;474;474;1;52113
82479;1463224860351;"2016-05-14";45205;474;474;1;52113
26404;1464121482580;"2016-05-24";74275;474;474;1;52113
12245;1463419161109;"2016-05-16";73524;124;124;1;52239
76267;1456812797416;"2016-03-01";50903;431;431;1;52398
87887;1457252841506;"2016-03-06";11454;320;320;1;52495
43227;1464171442650;"2016-05-25";23197;320;320;1;52495
61500;1459106846274;"2016-03-27";31390;2402;2402;1;52651
19078;1455875214261;"2016-02-19";72846;609;1218;2;52756
44970;1458555501007;"2016-03-21";29370;787;787;1;52985
60689;1461587970478;"2016-04-25";75324;1128;1128;1;53125
40898;1458203183349;"2016-03-17";3042;792;792;1;53183
44847;1464172611221;"2016-05-25";1309;393;7860;20;53294
6807;1461868916676;"2016-04-28";3983;1479;1479;1;53413
53494;1463292989168;"2016-05-15";40407;232;232;1;53623
36276;1464022919787;"2016-05-23";67010;232;232;1;53623
64098;1462250407452;"2016-05-03";34395;352;352;1;53691
74404;1462950668178;"2016-05-11";27164;498;498;1;53780
42849;1460116353843;"2016-04-08";70110;803;3212;4;53837
76265;1463852091661;"2016-05-21";21994;5442;5442;1;53872
41964;1463899548692;"2016-05-22";18605;5442;5442;1;53872
23085;1453991634123;"2016-01-28";39122;124;124;1;54082
49935;1461086643765;"2016-04-19";93024;838;838;1;54222
71949;1460290012513;"2016-04-10";83854;288;288;1;54335
44608;1461214675710;"2016-04-21";25938;288;288;1;54335
18410;1464187550320;"2016-05-25";85903;317;1268;4;54364
67742;1455634767136;"2016-02-16";36177;635;635;1;54473
45347;1456288002295;"2016-02-24";54651;324;324;1;54650
32889;1464322193432;"2016-05-27";87755;350;700;2;54704
52523;1461868931337;"2016-04-28";10041;2557;2557;1;54720
42529;1462013483718;"2016-04-30";77488;495;495;1;54934
80333;1461005499547;"2016-04-18";49944;873;873;1;55057
17781;1457452312000;"2016-03-08";8424;187;748;4;55460
28930;1455962695380;"2016-02-20";25537;949;949;1;55562
49105;1457534288048;"2016-03-09";4396;537;537;1;55625
9156;1457891024495;"2016-03-13";14012;537;537;1;55625
81460;1456914952432;"2016-03-02";547;422;422;1;56250
22092;1460898174400;"2016-04-17";78308;422;422;1;56250
2975;1461776465625;"2016-04-27";88670;214;214;1;56357
18665;1462632825033;"2016-05-07";58892;4973;4973;1;56359
84031;1458141229763;"2016-03-16";71732;719;719;1;56378
58887;1460433236213;"2016-04-12";49830;729;729;1;56687
40552;1455352347035;"2016-02-13";1787;3281;3281;1;56941
33291;1455634820728;"2016-02-16";70583;3281;3281;1;56941
16284;1455974113885;"2016-02-20";23617;982;982;1;56955
97106;1464148931331;"2016-05-25";95329;826;826;1;57092
35840;1463935094669;"2016-05-22";48034;391;391;1;57106
6347;1462888308179;"2016-05-10";86854;4771;4771;1;57278
8123;1456686342374;"2016-02-28";31173;326;326;1;57321
84349;1459175093975;"2016-03-28";19084;247;247;1;57375
36342;1461852298342;"2016-04-28";45969;333;333;1;57495
88183;1459314487598;"2016-03-30";72960;1448;1448;1;57604
44914;1460174876431;"2016-04-09";12691;1448;1448;1;57604
48825;1463298878057;"2016-05-15";18406;1448;1448;1;57604
35857;1456862667197;"2016-03-01";94432;1448;1448;1;57604
17416;1459847535326;"2016-04-05";1840;416;416;1;57863
39377;1457171112896;"2016-03-05";25920;413;413;1;58131
88009;1464624751237;"2016-05-30";46908;1160;1160;1;58287
17530;1462608364042;"2016-05-07";50054;910;910;1;58526
17530;1462610926340;"2016-05-07";42284;910;910;1;58526
64999;1453913397769;"2016-01-27";82840;549;1098;2;58662
64999;1456582510762;"2016-02-27";28288;549;549;1;58662
87584;1452588014003;"2016-01-12";82020;365;365;1;58803
11757;1457192370591;"2016-03-05";57716;201;201;1;59259
89733;1458992043110;"2016-03-26";38755;201;201;1;59259
26794;1461576306434;"2016-04-25";94464;201;402;2;59259
43455;1462332581779;"2016-05-04";83485;201;201;1;59259
83100;1459581515438;"2016-04-02";18660;115;115;1;59336
2391;1461128808783;"2016-04-20";51705;115;115;1;59336
85087;1455981432570;"2016-02-20";50692;2402;2402;1;59408
11243;1458820523679;"2016-03-24";62125;861;861;1;59867
63392;1460354056825;"2016-04-11";87136;1067;1067;1;60186
50150;1457036900977;"2016-03-03";59440;1287;1287;1;60416
26145;1462517720284;"2016-05-06";90309;362;362;1;60604
13391;1455726963011;"2016-02-17";15360;765;765;1;60755
54790;1458107220144;"2016-03-16";39928;765;765;1;60755
20119;1461146557662;"2016-04-20";4058;765;765;1;60755
57258;1456816731625;"2016-03-01";15097;471;471;1;60931
92267;1455443507234;"2016-02-14";42805;2504;2504;1;61175
60900;1458567675517;"2016-03-21";76643;2504;2504;1;61175
84560;1459431718314;"2016-03-31";23600;2504;2504;1;61175
67998;1445188910603;"2015-10-18";60069;64;64;1;61368
55343;1458066960378;"2016-03-15";20388;2435;2435;1;61450
30187;1458657581433;"2016-03-22";5605;2435;2435;1;61450
57572;1458793899105;"2016-03-24";71434;2435;2435;1;61450
20055;1459186905781;"2016-03-28";64757;2435;2435;1;61450
82314;1457969063610;"2016-03-14";76349;347;347;1;61699
82314;1457970019082;"2016-03-14";83113;347;347;1;61699
94381;1454473477959;"2016-02-03";54144;362;362;1;61770
48825;1463298878057;"2016-05-15";18406;666;666;1;61781
50063;1464603076292;"2016-05-30";15027;771;771;1;61823
11342;1463494194784;"2016-05-17";60319;760;760;1;62026
23676;1464671691542;"2016-05-31";38148;760;760;1;62026
23676;1464674810057;"2016-05-31";10882;760;760;1;62026
59582;1461732756384;"2016-04-27";10441;164;164;1;62045
94372;1456848307549;"2016-03-01";6591;1243;1243;1;62134
8514;1454503756452;"2016-02-03";71067;143;143;1;62251
39105;1456060393908;"2016-02-21";73985;1235;1235;1;62324
75289;1455789262605;"2016-02-18";50492;434;8680;20;62643
60615;1462176689302;"2016-05-02";36048;776;776;1;62990
20070;1464428910592;"2016-05-28";66485;413;413;1;63271
71926;1459703163370;"2016-04-03";96316;1024;1024;1;63550
73109;1456723052181;"2016-02-29";7753;760;760;1;63610
99578;1458191417426;"2016-03-17";47523;236;236;1;63896
6140;1459611982202;"2016-04-02";2300;236;236;1;63896
45594;1462858308629;"2016-05-10";8156;495;495;1;63907
19561;1460432106511;"2016-04-12";65821;596;596;1;63989
57281;1464110009295;"2016-05-24";41134;2272;2272;1;64233
51202;1464111983682;"2016-05-24";15461;2272;2272;1;64233
90356;1463060647219;"2016-05-12";76320;2226;2226;1;64334
61410;1463731925143;"2016-05-20";20628;962;962;1;64445
57449;1453527286284;"2016-01-23";21697;508;508;1;64890
44534;1458445274598;"2016-03-20";10591;4270;4270;1;64921
47485;1462186858848;"2016-05-02";98333;787;787;1;64927
64431;1460902404661;"2016-04-17";17762;1160;1160;1;65117
50887;1453531327745;"2016-01-23";2500;345;345;1;65457
23741;1464332836588;"2016-05-27";26394;2574;2574;1;65599
39202;1458756986739;"2016-03-23";21378;150;150;1;66513
51123;1463897862623;"2016-05-22";42038;150;150;1;66513
89553;1459122560814;"2016-03-28";16371;461;461;1;66742
63563;1455460535485;"2016-02-14";59824;719;719;1;66910
76279;1456675445293;"2016-02-28";91822;1468;1468;1;67232
7828;1459874981770;"2016-04-05";66533;254;254;1;67240
28325;1462928087553;"2016-05-11";58552;484;484;1;67337
28325;1462699290923;"2016-05-08";58552;484;484;1;67337
7972;1464153382817;"2016-05-25";91377;484;484;1;67337
19252;1464769771069;"2016-06-01";26222;1136;1136;1;67955
23588;1461924521052;"2016-04-29";10052;98;98;1;68062
30999;1454082307957;"2016-01-29";63421;1380;1380;1;68219
91061;1458483639428;"2016-03-20";15669;609;609;1;68444
55677;1455955119151;"2016-02-20";18444;609;609;1;68444
90322;1452147091484;"2016-01-07";40985;4939;4939;1;68643
71656;1457482195501;"2016-03-09";48976;516;516;1;68829
3409;1456894897345;"2016-03-02";95385;1652;6608;4;68847
90754;1458741287059;"2016-03-23";66312;1652;1652;1;68847
86561;1455485850854;"2016-02-15";85455;519;519;1;69195
48378;1459407932162;"2016-03-31";45636;4738;4738;1;70013
68723;1462035669907;"2016-04-30";47594;885;885;1;70304
37933;1453102751503;"2016-01-18";87394;996;996;1;70308
44339;1464015521868;"2016-05-23";71898;452;452;1;70705
34414;1456937825106;"2016-03-02";47535;491;491;1;70890
18335;1454487100404;"2016-02-03";73228;2257;2257;1;70984
75390;1461866887377;"2016-04-28";12221;1833;1833;1;71016
58858;1451410870023;"2015-12-29";69618;666;666;1;71118
9654;1460229351210;"2016-04-09";70411;1833;1833;1;71216
29757;1464776831378;"2016-06-01";56573;410;410;1;71227
91203;1464766132721;"2016-06-01";54763;3743;3743;1;71558
48215;1455132486250;"2016-02-10";24968;229;229;1;72175
30187;1458657581433;"2016-03-22";5605;383;383;1;72258
66502;1457689477561;"2016-03-11";43254;461;461;1;72326
17480;1457807433257;"2016-03-12";34500;695;695;1;72390
94841;1460908368398;"2016-04-17";36052;1252;1252;1;72475
69286;1460985775424;"2016-04-18";29800;265;265;1;73170
22142;1456926592010;"2016-03-02";88526;695;695;1;73580
59848;1454585466520;"2016-02-04";25866;1024;1024;1;73718
28402;1460223583103;"2016-04-09";49612;4421;4421;1;73741
60174;1455700212541;"2016-02-17";393;545;545;1;73984
28260;1463919381456;"2016-05-22";62959;150;150;1;74259
94185;1463080333142;"2016-05-12";88012;405;810;2;74872
21569;1455389591208;"2016-02-13";87952;167;167;1;75014
96708;1460362472914;"2016-04-11";25837;1201;1201;1;75441
51778;1462642662372;"2016-05-07";31792;1201;1201;1;75441
21838;1463813998399;"2016-05-21";72700;1201;1201;1;75441
15921;1462430702041;"2016-05-05";85179;244;244;1;75482
5470;1448289132287;"2015-11-23";53899;215;215;1;75625
83644;1454561861009;"2016-02-04";22095;1641;1641;1;75668
83644;1454563031296;"2016-02-04";63941;1641;1641;1;75668
83644;1454564618965;"2016-02-04";8089;1641;1641;1;75668
82824;1459745873236;"2016-04-04";5058;744;744;1;75705
29973;1461480590106;"2016-04-24";76899;744;744;1;75705
70351;1463990310561;"2016-05-23";14221;744;744;1;75705
81841;1464185594717;"2016-05-25";24731;744;744;1;75705
64866;1455591797928;"2016-02-16";81975;512;512;1;75742
26737;1461824687925;"2016-04-28";1451;145;145;1;75905
64166;1458709242562;"2016-03-23";66237;399;399;1;76222
27131;1458017249175;"2016-03-15";14696;399;399;1;76222
94005;1458479739627;"2016-03-20";23285;526;526;1;76271
67026;1464250496634;"2016-05-26";725;549;549;1;76511
72766;1463424143691;"2016-05-16";21056;138;138;1;76565
72766;1463222198632;"2016-05-14";21056;138;138;1;76565
24549;1464199809904;"2016-05-25";66462;541;541;1;77031
16015;1462524005649;"2016-05-06";3398;185;185;1;77623
53495;1460998121981;"2016-04-18";93999;815;815;1;77672
30755;1460872308588;"2016-04-17";15550;820;820;1;78285
52898;1455648232576;"2016-02-16";77988;434;434;1;78322
92102;1459316156203;"2016-03-30";43063;434;434;1;78322
35123;1462350035934;"2016-05-04";60070;1226;1226;1;78347
7438;1464604646070;"2016-05-30";30799;955;955;1;78732
4704;1459841514573;"2016-04-05";7870;1305;1305;1;79174
4598;1457109681837;"2016-03-04";63651;446;446;1;79182
5035;1461842631892;"2016-04-28";38770;331;331;1;79263
20164;1451380613198;"2015-12-29";78977;265;530;2;79824
1803;1459795519561;"2016-04-04";40335;556;556;1;79945
69421;1462466651538;"2016-05-05";95929;181;181;1;79967
87610;1457625488502;"2016-03-10";41183;2165;2165;1;80285
87610;1457626109175;"2016-03-10";80926;2165;2165;1;80285
4496;1457594338745;"2016-03-10";5554;1833;1833;1;80415
66732;1458047643344;"2016-03-15";12963;657;657;1;80977
23206;1461054015495;"2016-04-19";69384;1652;1652;1;81078
23206;1461057423459;"2016-04-19";28791;1652;1652;1;81078
20844;1464020934481;"2016-05-23";64025;1226;1226;1;81354
99173;1460433612565;"2016-04-12";38980;1226;1226;1;81354
71769;1460962980982;"2016-04-18";82442;838;838;1;81651
66451;1458231418576;"2016-03-17";69065;124;124;1;81660
74404;1462950668178;"2016-05-11";27164;1113;1113;1;81813
25171;1462016227489;"2016-04-30";73513;237;237;1;81935
93700;1456676392101;"2016-02-28";16923;2034;2034;1;82066
5555;1459955263294;"2016-04-06";60714;2034;2034;1;82066
39995;1456317207567;"2016-02-24";19565;2241;2241;1;82408
31942;1459069619731;"2016-03-27";77827;2241;2241;1;82408
2804;1462122881081;"2016-05-01";71427;2369;2369;1;82951
57459;1459439715667;"2016-03-31";75592;78;78;1;83462
11885;1456423056813;"2016-02-25";72334;1193;1193;1;83499
83644;1454541937934;"2016-02-04";47200;1003;1003;1;83676
44810;1464091946473;"2016-05-24";79302;1607;1607;1;84336
87677;1459360298079;"2016-03-30";34806;729;729;1;84563
97388;1458296273106;"2016-03-18";90963;355;355;1;84695
28346;1460952523346;"2016-04-18";61735;428;428;1;84767
80154;1464717403339;"2016-05-31";35997;175;175;1;84854
80154;1464621008018;"2016-05-30";35997;175;175;1;84854
53885;1456508127419;"2016-02-26";76278;474;474;1;84926
16299;1461607650553;"2016-04-25";61273;1663;1663;1;85162
60894;1462249962609;"2016-05-03";32669;1663;1663;1;85162
73169;1455257003067;"2016-02-12";42022;929;929;1;85361
28019;1457776313071;"2016-03-12";63777;208;208;1;85556
50507;1458128430203;"2016-03-16";62222;208;208;1;85556
27036;1461586362788;"2016-04-25";72460;843;843;1;86486
68621;1458826349840;"2016-03-24";84784;326;326;1;86673
3449;1460885132738;"2016-04-17";66679;391;391;1;86687
41011;1464418909743;"2016-05-28";42386;385;385;1;86843
35840;1463935094669;"2016-05-22";48034;1468;1468;1;87179
25481;1454516720594;"2016-02-03";86196;1965;1965;1;87192
94939;1455273843551;"2016-02-12";17302;1965;1965;1;87192
53856;1455433588105;"2016-02-14";13138;1965;1965;1;87192
2862;1456652853653;"2016-02-28";29804;1965;1965;1;87192
94885;1459923824483;"2016-04-06";73832;1965;1965;1;87192
75971;1460365772522;"2016-04-11";97225;1965;1965;1;87192
60107;1461577434722;"2016-04-25";2863;1965;1965;1;87192
57788;1462435610931;"2016-05-05";53929;1965;1965;1;87192
54223;1463844476274;"2016-05-21";86287;1965;1965;1;87192
51123;1463897862623;"2016-05-22";42038;1965;1965;1;87192
57033;1458393284585;"2016-03-19";59547;256;256;1;87258
22656;1463405748833;"2016-05-16";68482;396;396;1;87445
71759;1459712430695;"2016-04-03";58267;2288;2288;1;87467
22301;1461143324380;"2016-04-20";13398;2288;2288;1;87467
8798;1463164102671;"2016-05-13";64533;2288;2288;1;87467
2310;1460533352663;"2016-04-13";23073;787;787;1;87680
68452;1459101667833;"2016-03-27";20334;1184;1184;1;87821
13712;1461686002777;"2016-04-26";94467;1687;1687;1;87995
30313;1462852305491;"2016-05-10";86930;1075;3225;3;88149
55313;1458227071307;"2016-03-17";24588;4300;4300;1;88403
59775;1461213462463;"2016-04-21";16126;541;541;1;88511
83177;1447857945449;"2015-11-18";36583;929;929;1;88704
70564;1452658137502;"2016-01-13";50511;929;929;1;88704
17569;1454759006923;"2016-02-06";7693;929;929;1;88704
40912;1458721839848;"2016-03-23";24739;929;929;1;88704
57997;1458797513108;"2016-03-24";31057;929;929;1;88704
65933;1464617246820;"2016-05-30";15592;929;929;1;88704
65933;1464617417257;"2016-05-30";63679;929;929;1;88704
72838;1456492390744;"2016-02-26";95848;221;221;1;89197
61373;1456607989805;"2016-02-28";45972;221;221;1;89197
91061;1458483639428;"2016-03-20";15669;221;221;1;89197
15272;1445146692389;"2015-10-18";21984;276;276;1;89412
28640;1456906282896;"2016-03-02";94994;276;552;2;89412
96992;1463133272643;"2016-05-13";99812;2150;2150;1;89482
15437;1457756151011;"2016-03-12";49997;3929;3929;1;89541
3331;1463896383146;"2016-05-22";52971;256;256;1;89806
36010;1454319219967;"2016-02-01";34888;260;260;1;89960
76423;1459562379165;"2016-04-02";24104;260;260;1;89960
72538;1462290732568;"2016-05-03";66424;798;798;1;90172
92279;1464755348654;"2016-06-01";50388;4360;4360;1;90649
53254;1455624488202;"2016-02-16";70862;1218;1218;1;90704
40385;1463903245287;"2016-05-22";76621;750;750;1;90908
15776;1464428870144;"2016-05-28";43792;1097;1097;1;91549
30082;1459590370639;"2016-04-02";59554;605;605;1;91561
94700;1458038354095;"2016-03-15";20125;1038;1038;1;91675
76291;1461734591279;"2016-04-27";10121;204;816;4;91810
18176;1456034212498;"2016-02-21";66893;891;891;1;91830
59067;1462714217116;"2016-05-08";76231;564;2256;4;92343
3953;1461735399493;"2016-04-27";7014;1003;1003;1;92470
22198;1464149538647;"2016-05-25";26506;1003;1003;1;92578
98045;1464799527152;"2016-06-01";12035;671;671;1;92805
99636;1464243563288;"2016-05-26";7084;204;204;1;93131
95943;1459923959655;"2016-04-06";63113;729;729;1;93181
22391;1463485817988;"2016-05-17";74868;1314;1314;1;93197
19870;1460577364651;"2016-04-13";27971;1278;1278;1;93359
67161;1460632778160;"2016-04-14";36300;1278;1278;1;93359
26664;1460645868800;"2016-04-14";43390;904;904;1;93396
72094;1464797214965;"2016-06-01";58451;904;904;1;93396
57826;1455958353504;"2016-02-20";21455;465;465;1;93511
2310;1460533352663;"2016-04-13";23073;218;218;1;93544
90404;1457271293753;"2016-03-06";5118;2165;2165;1;93856
43171;1461504122972;"2016-04-24";59154;134;134;1;93861
55645;1453538954204;"2016-01-23";25477;105;105;1;93987
72483;1452262465722;"2016-01-08";39056;315;315;1;94137
48563;1459358369840;"2016-03-30";81847;1226;1226;1;94574
9908;1455111339279;"2016-02-10";22968;792;792;1;94583
74171;1455799009771;"2016-02-18";79576;792;792;1;94583
22594;1460291053281;"2016-04-10";65468;792;792;1;94583
54577;1463473017758;"2016-05-17";25373;792;792;1;94583
38402;1456070939024;"2016-02-21";79929;1652;1652;1;94709
47109;1464770050746;"2016-06-01";57102;2778;2778;1;94775
19353;1461041586348;"2016-04-19";87905;781;3124;4;95226
86690;1455868784229;"2016-02-19";71320;676;676;1;95712
43138;1463370236336;"2016-05-16";30401;1053;1053;1;95751
91821;1460304743043;"2016-04-10";22561;1121;1121;1;95958
76044;1461653443122;"2016-04-26";92343;2180;2180;1;96252
60041;1452422177771;"2016-01-10";4099;160;160;1;96670
45674;1458932879860;"2016-03-25";76962;160;160;1;96670
21343;1462617731906;"2016-05-07";39440;160;160;1;96670
18271;1452850512100;"2016-01-15";34088;505;505;1;97052
23649;1459533552316;"2016-04-01";37475;357;357;1;97429
23649;1459534450928;"2016-04-01";11493;357;357;1;97429
20878;1462987325254;"2016-05-11";15585;357;357;1;97429
88189;1460984721027;"2016-04-18";12230;410;410;1;97653
2426;1453450709079;"2016-01-22";81176;3902;3902;1;97897
88267;1457452962253;"2016-03-08";38921;2304;2304;1;98012
44049;1459475576301;"2016-04-01";66776;317;317;1;98485
27555;1454994723143;"2016-02-09";29134;996;996;1;98528
36342;1461852298342;"2016-04-28";45969;153;153;1;98868
28438;1453464611359;"2016-01-22";53350;2419;2419;1;99026
28438;1453464968801;"2016-01-22";60605;2419;2419;1;99026
28438;1453467199634;"2016-01-22";90147;2419;2419;1;99026
24467;1462540307809;"2016-05-06";53994;481;481;1;99135
49015;1462472507949;"2016-05-05";61176;671;671;1;99348
68820;1456678635413;"2016-02-28";95474;223;223;1;99635
1959;1460701529644;"2016-04-15";90308;512;2048;4;101174
20471;1458298127837;"2016-03-18";45471;592;1184;2;101228
97720;1462358371049;"2016-05-04";15018;179;179;1;101235
98243;1457158889306;"2016-03-05";33710;1010;3030;3;101325
40303;1461582432726;"2016-04-25";71092;1060;1060;1;102030
63344;1462352017604;"2016-05-04";90889;437;437;1;102144
20762;1463772339862;"2016-05-20";16801;1136;1136;1;102426
95880;1454258950428;"2016-01-31";45782;2759;2759;1;102624
26362;1462362790979;"2016-05-04";61817;211;211;1;102751
35409;1463381438086;"2016-05-16";35789;560;560;1;103779
41994;1458223343868;"2016-03-17";78281;410;1640;4;104003
25126;1459270410520;"2016-03-29";92849;410;1640;4;104003
78248;1459825437346;"2016-04-05";46073;410;1640;4;104003
77145;1458644240121;"2016-03-22";26829;910;910;1;104040
59178;1464332243727;"2016-05-27";91289;744;744;1;104043
66595;1464856007468;"2016-06-02";25080;744;744;1;104043
24446;1457017988990;"2016-03-03";1304;1898;1898;1;104206
22301;1461143751731;"2016-04-20";53874;282;282;1;104417
82499;1458295451110;"2016-03-18";45299;3421;3421;1;104724
21410;1458016614449;"2016-03-15";43814;4330;4330;1;104741
6481;1458125318139;"2016-03-16";35268;2165;2165;1;104917
35334;1458564336850;"2016-03-21";96719;3304;23128;7;104993
11954;1460817205569;"2016-04-16";31927;3304;3304;1;104993
56329;1462016278560;"2016-04-30";18808;734;734;1;105070
4873;1459441872777;"2016-03-31";21862;2165;2165;1;105279
65788;1453124234204;"2016-01-18";77464;193;193;1;105301
8014;1440071646677;"2015-08-20";77852;4270;4270;1;105914
3769;1452307521456;"2016-01-09";21100;302;302;1;106000
53400;1461820616887;"2016-04-28";93543;68;68;1;106256
74722;1454395662222;"2016-02-02";96711;526;526;1;106308
31821;1455641781551;"2016-02-16";13013;2469;2469;1;106377
64630;1460225990867;"2016-04-09";45274;184;184;1;106526
22005;1464603815688;"2016-05-30";56725;184;184;1;106526
12549;1463422243995;"2016-05-16";41527;556;556;1;106892
56369;1460045350194;"2016-04-07";39474;942;3768;4;107548
80100;1456202484661;"2016-02-23";17829;516;516;1;107942
27792;1457544864216;"2016-03-09";92396;405;405;1;108145
5115;1460491486268;"2016-04-12";3239;867;3468;4;108194
204;1462378491233;"2016-05-04";36901;867;3468;4;108194
22301;1461142816589;"2016-04-20";28085;471;1884;4;108380
32010;1455605187805;"2016-02-16";86440;362;362;1;108523
1477;1463675731861;"2016-05-19";83788;1687;1687;1;108588
22203;1463841083349;"2016-05-21";71056;1687;1687;1;108588
87412;1456687535210;"2016-02-28";82196;2210;2210;1;109025
60210;1456520056143;"2016-02-26";37596;465;465;1;109204
94185;1460659570013;"2016-04-14";73719;263;263;1;109589
63718;1460878847547;"2016-04-17";51905;244;244;1;109816
95535;1458712373355;"2016-03-23";71910;1235;1235;1;109964
96149;1459077051917;"2016-03-27";43226;955;955;1;110004
70873;1458124892990;"2016-03-16";88968;798;3192;4;110035
75391;1454010744735;"2016-01-28";16129;360;360;1;110087
75391;1454011143105;"2016-01-28";64789;360;360;1;110087
36291;1455614021059;"2016-02-16";75627;519;519;1;110162
84136;1460014598621;"2016-04-07";33852;1783;1783;1;110279
16567;1464685354990;"2016-05-31";10277;1924;1924;1;110365
59145;1462375258208;"2016-05-04";63427;1924;1924;1;110365
41794;1461516805106;"2016-04-24";31944;385;385;1;110403
24446;1457017988990;"2016-03-03";1304;331;331;1;110676
22049;1458548531898;"2016-03-21";74152;1314;1314;1;110710
37416;1462988827013;"2016-05-11";88833;1652;1652;1;110889
23667;1457507390475;"2016-03-09";9590;440;440;1;110899
23857;1460989439179;"2016-04-18";59368;699;699;1;111149
15965;1446968762517;"2015-11-08";10515;803;803;1;111150
21569;1455389591208;"2016-02-13";87952;396;396;1;111204
61309;1454928291234;"2016-02-08";30872;5673;5673;1;111312
29288;1461840068183;"2016-04-28";53144;234;234;1;111321
59188;1464264854196;"2016-05-26";97702;1746;1746;1;111533
95897;1454762821364;"2016-02-06";18436;1323;1323;1;111629
31457;1454249105314;"2016-01-31";95094;2469;2469;1;111684
68416;1456344096274;"2016-02-24";94131;2469;2469;1;111684
79053;1460268271174;"2016-04-10";79076;1552;1552;1;111912
5895;1462797084558;"2016-05-09";17230;1552;1552;1;111912
84520;1464441691978;"2016-05-28";72842;1552;1552;1;111912
84520;1464334206934;"2016-05-27";72842;1552;1552;1;111912
83675;1462091029322;"2016-05-01";12727;1552;1552;1;111912
18879;1460051766158;"2016-04-07";92824;1911;1911;1;112049
65573;1464079713553;"2016-05-24";32559;1911;1911;1;112049
74637;1454841366683;"2016-02-07";94334;1795;1795;1;112134
76441;1457770483245;"2016-03-12";82444;1795;3590;2;112134
50643;1458293661051;"2016-03-18";83741;1795;1795;1;112134
79930;1462033399424;"2016-04-30";39173;1795;1795;1;112134
10115;1458754462654;"2016-03-23";28457;1795;1795;1;112134
5664;1459375305584;"2016-03-31";39612;1795;1795;1;112134
4305;1459794695748;"2016-04-04";10112;724;724;1;112594
6142;1463922128997;"2016-05-22";47589;724;724;1;112594
94841;1460908368398;"2016-04-17";36052;201;201;1;112607
86249;1461047762021;"2016-04-19";54890;1820;1820;1;112632
13093;1462128414554;"2016-05-01";24662;982;982;1;112652
5470;1448378118223;"2015-11-24";90369;2257;2257;1;113190
90261;1456476466093;"2016-02-26";2123;1663;1663;1;113313
11087;1463580633383;"2016-05-18";18528;141;141;1;113443
52773;1464538784991;"2016-05-29";99766;329;329;1;113678
86850;1462978791148;"2016-05-11";44009;1574;1574;1;113743
57570;1440180472397;"2015-08-21";4185;246;246;1;113888
1603;1459080154252;"2016-03-27";19581;2521;2521;1;114182
49932;1459593680073;"2016-04-02";93605;1992;1992;1;114185
814;1455360165505;"2016-02-13";20557;1734;1734;1;114212
93131;1459845540982;"2016-04-05";82776;838;3352;4;114250
14807;1461681759726;"2016-04-26";90691;1541;1541;1;114652
31011;1462721818745;"2016-05-08";21416;105;105;1;114705
20119;1461146557662;"2016-04-20";4058;2304;2304;1;114953
20706;1457161419520;"2016-03-05";18096;613;2452;4;115320
57450;1456590294594;"2016-02-27";57145;1218;1218;1;115414
83055;1458549468534;"2016-03-21";76812;7033;7033;1;115438
16390;1451832567760;"2016-01-03";4320;1287;1287;1;115543
91490;1460131025791;"2016-04-08";74427;1287;1287;1;115543
49935;1461086643765;"2016-04-19";93024;1287;1287;1;115543
33290;1461913717192;"2016-04-29";3568;1287;1287;1;115543
72273;1457519023688;"2016-03-09";54498;1380;1380;1;115790
27446;1451248980650;"2015-12-27";40305;792;792;1;115905
59598;1454944940173;"2016-02-08";83624;750;750;1;116091
3361;1454842663735;"2016-02-07";75736;2665;2665;1;116203
3140;1462343839460;"2016-05-04";93292;407;407;1;116414
26709;1460186190404;"2016-04-09";31937;1342;1342;1;116571
95762;1460972569264;"2016-04-18";22884;1342;1342;1;116571
25845;1461894850716;"2016-04-29";85354;1342;1342;1;116571
71697;1453959597932;"2016-01-28";56255;1046;1046;1;116573
461;1456167559794;"2016-02-22";11530;1168;1168;1;116656
27604;1455294081263;"2016-02-12";919;296;296;1;116663
87607;1459762207659;"2016-04-04";95151;294;294;1;116864
99900;1456921752772;"2016-03-02";82464;1499;1499;1;116889
48177;1458211399959;"2016-03-17";10058;1218;2436;2;117073
62945;1457807528442;"2016-03-12";35277;315;315;1;117252
61362;1460563959541;"2016-04-13";23496;2135;2135;1;117874
3789;1455723099759;"2016-02-17";49033;843;843;1;118138
89553;1459122560814;"2016-03-28";16371;685;685;1;118347
11279;1454518451614;"2016-02-03";52745;690;690;1;118359
42612;1462206049012;"2016-05-02";57735;690;690;1;118359
80706;1452586565822;"2016-01-12";74140;516;516;1;118565
30043;1453014907226;"2016-01-17";90966;516;516;1;118565
94372;1456848307549;"2016-03-01";6591;365;365;1;119402
78057;1455884574464;"2016-02-19";14042;2288;2288;1;120135
99976;1458626249591;"2016-03-22";62096;530;1060;2;120151
43331;1464273843546;"2016-05-26";84518;399;798;2;120436
56763;1456333800506;"2016-02-24";66587;171;171;1;120510
45002;1452606460090;"2016-01-12";81325;223;446;2;121373
42312;1452432703661;"2016-01-10";76286;491;491;1;121545
78250;1456993354440;"2016-03-03";44081;491;491;1;121545
52655;1455533149162;"2016-02-15";17514;99;99;1;121722
86686;1460107891481;"2016-04-08";9716;474;474;1;121780
64525;1461496348069;"2016-04-24";31906;1235;1235;1;122042
27330;1460970069176;"2016-04-18";19309;613;2452;4;122350
80929;1460373683516;"2016-04-11";79543;2937;2937;1;122783
74404;1462950668178;"2016-05-11";27164;1333;1333;1;122882
69074;1460615744922;"2016-04-14";95159;174;174;1;122897
99988;1465661563579;"2016-06-11";36761;1607;1607;1;122966
12160;1451212785172;"2015-12-27";37678;478;478;1;123211
39202;1458756986739;"2016-03-23";21378;65;65;1;123270
99487;1463724808860;"2016-05-20";79833;481;481;1;123493
55211;1456648005785;"2016-02-28";46924;690;690;1;123600
54196;1456671640770;"2016-02-28";51771;1710;1710;1;123642
97103;1464804410307;"2016-06-01";61529;402;402;1;123651
37985;1461081143671;"2016-04-19";69329;1113;1113;1;123839
13694;1456370185394;"2016-02-25";38355;271;271;1;124548
67016;1456150416922;"2016-02-22";46121;365;5475;15;124551
27839;1458472053468;"2016-03-20";81161;635;635;1;124952
16430;1458731363901;"2016-03-23";94093;1361;1361;1;125483
16508;1451676084124;"2016-01-01";51168;2241;2241;1;125581
22073;1458571085772;"2016-03-21";43392;2336;2336;1;125607
8509;1458926223251;"2016-03-25";39754;832;832;1;125629
47541;1461602590989;"2016-04-25";21023;1053;2106;2;125953
1970;1455082896052;"2016-02-10";16067;798;798;1;126218
99828;1455346097054;"2016-02-13";56569;71;71;1;126307
52330;1464258195173;"2016-05-26";9180;639;639;1;126686
76651;1460189034276;"2016-04-09";58986;1168;1168;1;126716
67962;1461859492833;"2016-04-28";9502;1168;1168;1;126716
57525;1463388498846;"2016-05-16";86582;1168;1168;1;126716
37601;1464279173235;"2016-05-26";36696;1168;1168;1;126716
20900;1457689531126;"2016-03-11";15487;771;771;1;126856
80097;1464634182228;"2016-05-30";48988;138;138;1;126949
28838;1459948395088;"2016-04-06";11983;449;449;1;126961
32368;1459949186927;"2016-04-06";88289;449;449;1;126961
51537;1460833144887;"2016-04-16";76258;236;236;1;127259
85890;1463746054904;"2016-05-20";51038;236;236;1;127259
96417;1454047063370;"2016-01-29";42941;362;362;1;127313
33067;1462385222700;"2016-05-04";57327;1992;1992;1;127378
55585;1463336495537;"2016-05-15";20276;1992;1992;1;127378
20464;1458735851884;"2016-03-23";78729;622;622;1;127605
98243;1457158889306;"2016-03-05";33710;80;80;1;127726
84675;1461595451509;"2016-04-25";51608;416;416;1;127846
61051;1452079774495;"2016-01-06";35030;307;307;1;128288
44046;1465302426634;"2016-06-07";73543;572;572;1;128527
85417;1463936870057;"2016-05-22";35620;1438;1438;1;128602
36069;1457952741665;"2016-03-14";31733;596;596;1;128644
12864;1463749310318;"2016-05-20";66465;355;355;1;128902
83190;1457591792305;"2016-03-10";82037;416;416;1;129149
21630;1461144916717;"2016-04-20";81144;519;519;1;129501
20905;1454227728573;"2016-01-31";46404;873;873;1;129502
24640;1460040342943;"2016-04-07";7354;252;252;1;129539
77563;1459331408770;"2016-03-30";5227;2020;2020;1;129802
93063;1460403258904;"2016-04-11";3081;534;2136;4;129865
29740;1463576332475;"2016-05-18";81732;653;653;1;130367
34405;1459848998020;"2016-04-05";48768;969;969;1;130608
56161;1463416804101;"2016-05-16";56887;1938;1938;1;130613
22219;1463333369195;"2016-05-15";74428;345;345;1;130846
50241;1463249112407;"2016-05-14";89791;461;461;1;130943
72705;1452442399289;"2016-01-10";76903;719;719;1;130965
74716;1456732314665;"2016-02-29";65671;422;422;1;131238
24409;1461738722983;"2016-04-27";10504;843;843;1;131708
7516;1460350187537;"2016-04-11";96891;695;695;1;132009
27752;1464538736230;"2016-05-29";58752;343;343;1;132135
74080;1460737861652;"2016-04-15";93332;232;232;1;132494
89733;1458992043110;"2016-03-26";38755;867;867;1;132498
44761;1462207434657;"2016-05-02";52253;867;867;1;132498
98606;1463035296785;"2016-05-12";96715;867;867;1;132498
74722;1454395662222;"2016-02-02";96711;252;756;3;132569
35339;1459769104379;"2016-04-04";69173;505;2020;4;132790
31902;1457369243141;"2016-03-07";178;189;189;1;133035
60137;1456593808721;"2016-02-27";83192;534;534;1;133109
60137;1456594678877;"2016-02-27";96935;534;534;1;133109
57450;1456592096694;"2016-02-27";59289;385;385;1;133243
75589;1460283431785;"2016-04-10";82828;879;879;1;133318
38620;1460792205647;"2016-04-16";50072;501;501;1;133361
12864;1463749310318;"2016-05-20";66465;177;177;1;133369
54827;1463387180546;"2016-05-16";22879;662;662;1;133938
65361;1460606428204;"2016-04-14";2615;704;704;1;133997
466;1453399746273;"2016-01-21";82645;474;474;1;134195
26656;1460298413243;"2016-04-10";62160;315;315;1;134446
46144;1461075694102;"2016-04-19";35435;315;315;1;134446
74722;1454395662222;"2016-02-02";96711;212;636;3;134567
59743;1462983254860;"2016-05-11";28142;1629;1629;1;134581
95480;1462444990096;"2016-05-05";44895;729;2916;4;134713
87234;1462091554390;"2016-05-01";77188;422;422;1;134806
21201;1460348495152;"2016-04-11";34321;1226;1226;1;134811
29740;1463576332475;"2016-05-18";81732;553;553;1;135112
68357;1460917715500;"2016-04-17";3493;750;750;1;135135
95903;1459593800659;"2016-04-02";98277;263;263;1;135405
99716;1450892364255;"2015-12-23";40817;3421;3421;1;135449
36972;1462441012114;"2016-05-05";33106;982;982;1;135534
8880;1462882456021;"2016-05-10";11345;367;367;1;135671
84979;1458666584015;"2016-03-22";21296;355;355;1;135924
17394;1463388938841;"2016-05-16";17447;355;355;1;135924
1311;1464764012155;"2016-06-01";12994;355;355;1;135924
37839;1462121149618;"2016-05-01";66147;236;236;1;136816
969;1459140614560;"2016-03-28";59673;160;640;4;137062
969;1459243312970;"2016-03-29";21540;160;640;4;137062
68308;1462037216948;"2016-04-30";10499;1675;1675;1;137075
33741;1456322314485;"2016-02-24";91108;335;670;2;137304
89081;1461917766492;"2016-04-29";12275;1965;1965;1;138255
82361;1461756530156;"2016-04-27";73927;1795;1795;1;139096
84402;1454920383269;"2016-02-08";20950;140;140;1;139306
29379;1459174836035;"2016-03-28";17785;879;879;1;139403
66271;1457611485015;"2016-03-10";95278;2759;2759;1;139485
39000;1460107751174;"2016-04-08";93225;1082;1082;1;139952
78727;1464154232693;"2016-05-25";21309;296;1480;5;139993
930;1463490214170;"2016-05-17";8708;1924;1924;1;140148
97025;1456920053341;"2016-03-02";56812;904;904;1;140216
72838;1456492390744;"2016-02-26";95848;904;904;1;140216
65084;1461153899406;"2016-04-20";72406;236;236;1;140283
92597;1456049940700;"2016-02-21";20427;226;226;1;140292
5808;1452659811605;"2016-01-13";4298;662;1324;2;140330
80785;1461147577667;"2016-04-20";52706;600;600;1;140406
13706;1462377119782;"2016-05-04";58124;600;600;1;140406
49927;1464064845354;"2016-05-24";77191;885;885;1;140688
73353;1460812813101;"2016-04-16";37496;505;505;1;141142
89916;1460834314808;"2016-04-16";77690;904;904;1;141296
424;1460957793782;"2016-04-18";27693;904;904;1;141296
6715;1461789580850;"2016-04-27";39747;904;904;1;141296
89994;1463991382553;"2016-05-23";42242;904;904;1;141296
29309;1464426686125;"2016-05-28";78370;904;904;1;141296
5470;1448378118223;"2015-11-24";90369;399;798;2;141655
22937;1460455128578;"2016-04-12";40601;4211;4211;1;141887
52344;1452933188491;"2016-01-16";25424;449;449;1;141905
13869;1458548582185;"2016-03-21";50515;449;449;1;141905
55504;1459187085091;"2016-03-28";79495;449;449;1;141905
23144;1459584795697;"2016-04-02";28808;449;449;1;141905
21354;1461643605021;"2016-04-26";51910;630;2520;4;141933
26820;1459448006348;"2016-03-31";25358;5293;5293;1;142046
38889;1461507284768;"2016-04-24";99082;1193;1193;1;142103
40218;1459239427812;"2016-03-29";33732;360;360;1;142161
50593;1453226082150;"2016-01-19";80434;1663;1663;1;142362
86395;1456166937498;"2016-02-22";65171;1663;1663;1;142362
37729;1457854674919;"2016-03-13";20306;1663;1663;1;142362
9738;1458143932626;"2016-03-16";96978;1663;1663;1;142362
39202;1458756986739;"2016-03-23";21378;1663;1663;1;142362
77563;1459331408770;"2016-03-30";5227;1663;1663;1;142362
36045;1463295863073;"2016-05-15";26655;1663;1663;1;142362
91641;1463629315010;"2016-05-19";832;1663;1663;1;142362
61997;1464449381474;"2016-05-28";57298;1663;1663;1;142362
14213;1455634216616;"2016-02-16";45075;265;265;1;142438
86011;1459002323868;"2016-03-26";62831;265;265;1;142438
72929;1459269385311;"2016-03-29";25942;1017;1017;1;142663
19561;1460437612100;"2016-04-12";26159;885;885;1;143041
51704;1459012355262;"2016-03-26";92212;545;545;1;143217
56679;1454997891965;"2016-02-09";91203;613;613;1;143572
35409;1463381438086;"2016-05-16";35789;294;294;1;143589
68100;1456760435627;"2016-02-29";53048;803;803;1;144122
43215;1464549184543;"2016-05-29";88123;803;803;1;144122
7377;1461157728476;"2016-04-20";69409;278;278;1;144248
9792;1459249224858;"2016-03-29";51576;1574;1574;1;144275
60937;1456919529709;"2016-03-02";1939;2628;2628;1;144537
67998;1448901161306;"2015-11-30";74847;3236;3236;1;144607
34382;1464720986940;"2016-05-31";7189;3236;3236;1;144607
53597;1453091591640;"2016-01-18";60017;1510;1510;1;144636
47046;1453124352398;"2016-01-18";15240;1510;1510;1;144636
45133;1461660227700;"2016-04-26";22788;410;1230;3;144829
14768;1462945035238;"2016-05-11";37269;410;410;1;144829
3996;1464360572093;"2016-05-27";53018;662;662;1;144961
30461;1463302662721;"2016-05-15";47101;377;377;1;145033
94696;1464283027063;"2016-05-26";61692;118;118;1;145041
31500;1458578775649;"2016-03-21";4386;1128;1128;1;145123
39453;1455184352045;"2016-02-11";90596;437;437;1;145141
44970;1458555501007;"2016-03-21";29370;798;798;1;145388
89629;1464015816932;"2016-05-23";53802;1520;1520;1;145429
19973;1464695441887;"2016-05-31";70067;1520;3040;2;145429
82130;1460526612230;"2016-04-13";64535;936;936;1;145624
69482;1461682211007;"2016-04-26";24158;377;377;1;145690
26737;1461824687925;"2016-04-28";1451;820;820;1;145733
79615;1453233511997;"2016-01-19";98592;2504;2504;1;145920
11141;1455620464067;"2016-02-16";53465;1563;1563;1;146162
79739;1462634510609;"2016-05-07";10686;1563;1563;1;146162
4619;1458657800412;"2016-03-22";56356;2665;2665;1;146279
53714;1463113537480;"2016-05-13";97791;2665;2665;1;146279
68093;1456254275572;"2016-02-23";15289;383;383;1;146671
62679;1460479434450;"2016-04-12";77326;362;362;1;146761
49928;1462621520923;"2016-05-07";96158;576;576;1;146977
63031;1457938473136;"2016-03-14";86280;1193;1193;1;147035
63031;1457939451535;"2016-03-14";98028;1193;1193;1;147035
63031;1457942741295;"2016-03-14";64653;1193;1193;1;147035
63031;1457944573166;"2016-03-14";14010;1193;1193;1;147035
63031;1457944688857;"2016-03-14";3318;1193;1193;1;147035
63031;1457944884151;"2016-03-14";2260;1193;1193;1;147035
89444;1457444397590;"2016-03-08";68625;898;898;1;147134
73353;1460812813101;"2016-04-16";37496;898;898;1;147134
67960;1449516524157;"2015-12-07";73527;1783;1783;1;147305
59308;1461931771818;"2016-04-29";61128;2592;2592;1;147730
89733;1458992043110;"2016-03-26";38755;396;396;1;147946
25839;1461929770147;"2016-04-29";16914;416;416;1;148090
81692;1460803891920;"2016-04-16";79582;885;885;1;148292
39806;1455902316155;"2016-02-19";89259;1193;1193;1;148524
42950;1460487376668;"2016-04-12";21830;282;282;1;148968
1318;1463948482762;"2016-05-22";83429;201;402;2;149300
97833;1460583924892;"2016-04-14";52778;2288;2288;1;149326
2706;1463471021346;"2016-05-17";32547;2288;2288;1;149326
82213;1453912330622;"2016-01-27";71808;1607;1607;1;149420
1452;1454916126676;"2016-02-08";75893;1607;1607;1;149420
82391;1455443624540;"2016-02-14";81231;1003;1003;1;149455
29297;1454742023744;"2016-02-06";14432;1951;1951;1;149535
76875;1454852963437;"2016-02-07";10774;1951;1951;1;149535
6971;1463912278708;"2016-05-22";87387;3236;3236;1;149714
22301;1461143324380;"2016-04-20";13398;385;385;1;149718
92943;1458225515020;"2016-03-17";42918;290;290;1;149864
2975;1461776465625;"2016-04-27";88670;512;512;1;149945
41011;1464418909743;"2016-05-28";42386;311;311;1;150317
37704;1462637082775;"2016-05-07";20073;891;891;1;150500
44896;1456737894202;"2016-02-29";75070;3327;3327;1;150515
86893;1464707712771;"2016-05-31";83140;326;326;1;150715
1248;1456731894620;"2016-02-29";57333;519;519;1;150836
56799;1464250263852;"2016-05-26";19286;91;91;1;150898
49528;1457802533741;"2016-03-12";949;1499;1499;1;151672
57005;1461168194877;"2016-04-20";41211;1499;1499;1;151672
23183;1455200225887;"2016-02-11";52900;584;584;1;151702
71708;1459663456159;"2016-04-03";32389;1541;1541;1;152089
69995;1456662951612;"2016-02-28";47580;942;942;1;152365
18523;1461052067122;"2016-04-19";18308;942;1884;2;152365
43630;1453979798965;"2016-01-28";21339;3350;3350;1;152460
12336;1455037543471;"2016-02-09";96230;3350;3350;1;152460
53446;1455178148915;"2016-02-11";88093;3350;3350;1;152460
22138;1458013928112;"2016-03-15";37559;3350;3350;1;152460
85200;1458897338601;"2016-03-25";72443;3350;3350;1;152460
69587;1456473043757;"2016-02-26";92747;545;1635;3;152486
64590;1456042494024;"2016-02-21";24963;87;87;1;152659
28596;1462699176869;"2016-05-08";39894;294;294;1;152972
71784;1455876559124;"2016-02-19";65160;446;446;1;153068
64494;1460553092843;"2016-04-13";5692;446;446;1;153068
79289;1455815267445;"2016-02-18";18154;1418;1418;1;153116
11347;1454164189724;"2016-01-30";99682;399;399;1;153263
11347;1453818954266;"2016-01-26";99682;399;399;1;153263
6842;1453194108170;"2016-01-19";49311;982;982;1;153427
15045;1464439835948;"2016-05-28";56153;315;315;1;154300
55493;1462872432103;"2016-05-10";1814;976;976;1;154693
63857;1460542682651;"2016-04-13";54205;6517;6517;1;154894
65501;1456065775165;"2016-02-21";29539;434;434;1;154944
64289;1453017819327;"2016-01-17";18975;592;592;1;155057
75207;1459507699618;"2016-04-01";10216;657;657;1;155078
61217;1459926057692;"2016-04-06";3562;729;729;1;155165
65233;1460519213722;"2016-04-13";67567;989;989;1;155523
72715;1464350540531;"2016-05-27";14706;873;873;1;155572
49537;1460652829379;"2016-04-14";13277;267;534;2;155785
28211;1464092031506;"2016-05-24";75821;142;142;1;155884
27555;1449740668272;"2015-12-10";93903;263;263;1;156065
38703;1460521029649;"2016-04-13";75239;1965;1965;1;156160
13632;1464598528565;"2016-05-30";91440;1965;1965;1;156160
96704;1461086579622;"2016-04-19";96627;82;82;1;156401
6901;1459326986187;"2016-03-30";26089;771;771;1;157134
23664;1464420677064;"2016-05-28";52283;771;771;1;157134
65788;1453124234204;"2016-01-18";77464;317;317;1;157144
92809;1460555845668;"2016-04-13";33275;508;508;1;157146
87372;1464765502243;"2016-06-01";32879;508;508;1;157146
9506;1456928617909;"2016-03-02";87724;592;592;1;157288
60085;1453309729668;"2016-01-20";98435;249;249;1;157297
59743;1462983254860;"2016-05-11";28142;215;430;2;157873
50220;1460619791140;"2016-04-14";88410;635;635;1;158099
16535;1463383494913;"2016-05-16";17205;260;260;1;158332
10352;1454491672817;"2016-02-03";32353;4240;4240;1;158735
90498;1453417317731;"2016-01-22";4410;154;154;1;158945
96803;1461619570988;"2016-04-26";71407;154;154;1;158945
97802;1463243385243;"2016-05-14";23346;495;495;1;159110
54971;1452005360925;"2016-01-05";43096;1184;1184;1;159228
57758;1457072023025;"2016-03-04";10224;201;201;1;159244
83190;1457591792305;"2016-03-10";82037;214;214;1;159273
41660;1456203269400;"2016-02-23";72872;1218;1218;1;159471
58052;1463594347954;"2016-05-18";82610;416;1664;4;159582
47752;1462386515639;"2016-05-04";52337;465;465;1;159860
69578;1462874314054;"2016-05-10";25767;252;252;1;160082
70338;1462652189664;"2016-05-07";56506;214;214;1;160087
81156;1454772283410;"2016-02-06";27341;803;803;1;160286
74722;1454395662222;"2016-02-02";96711;6208;6208;1;160297
19745;1463426705401;"2016-05-16";6595;4330;4330;1;160567
70275;1462631744534;"2016-05-07";93345;1872;1872;1;161134
84383;1445608749277;"2015-10-23";48808;309;309;1;161147
37089;1460996810610;"2016-04-18";42146;526;2104;4;161580
38911;1462867176181;"2016-05-10";50864;526;2104;4;161580
68720;1464167459380;"2016-05-25";89688;526;2104;4;161580
54795;1464224361629;"2016-05-26";31232;1333;1333;1;161623
37065;1464445159501;"2016-05-28";33655;269;269;1;161767
44898;1452403151448;"2016-01-10";40991;989;989;1;161788
38889;1461507284768;"2016-04-24";99082;274;274;1;162216
67108;1463295194457;"2016-05-15";11696;2702;2702;1;162353
86841;1459338364105;"2016-03-30";40906;4300;4300;1;162424
86841;1459410066619;"2016-03-31";16379;4300;4300;1;162424
57996;1461930298069;"2016-04-29";20688;1053;1053;1;162751
85680;1463898120442;"2016-05-22";26182;2539;2539;1;162791
13076;1460085388842;"2016-04-08";69309;644;644;1;162988
40018;1461567799122;"2016-04-25";45082;724;2896;4;163260
49673;1460903364381;"2016-04-17";22572;1209;1209;1;163474
47837;1462811780684;"2016-05-09";19725;1687;1687;1;163761
31730;1452412545488;"2016-01-10";13275;1479;1479;1;163834
726;1459970475678;"2016-04-06";11335;771;771;1;163839
81034;1456934958367;"2016-03-02";1130;622;622;1;164127
64560;1456305925219;"2016-02-24";89219;2353;2353;1;164141
94841;1460908368398;"2016-04-17";36052;393;393;1;164353
73353;1460812813101;"2016-04-16";37496;1003;1003;1;164382
27850;1462430131880;"2016-05-05";91795;125;125;1;164580
69531;1456472006754;"2016-02-26";78737;653;653;1;164731
76944;1456834699886;"2016-03-01";81534;653;653;1;164731
90077;1460228556169;"2016-04-09";79249;1722;1722;1;165293
38939;1464198910854;"2016-05-25";26081;873;873;1;165329
37828;1460622918785;"2016-04-14";22290;2469;2469;1;165551
84071;1460026913550;"2016-04-07";91521;458;458;1;165640
68624;1459103979719;"2016-03-27";37343;3875;3875;1;165684
1867;1455442118356;"2016-02-14";57060;3875;3875;1;165684
38402;1456070939024;"2016-02-21";79929;1209;1209;1;166025
43618;1462275084252;"2016-05-03";1578;1193;1193;1;166054
41964;1463724174719;"2016-05-20";46526;4482;4482;1;166119
32135;1455679681918;"2016-02-17";95311;771;771;1;166186
97388;1458296273106;"2016-03-18";90963;118;118;1;166226
6875;1457966830678;"2016-03-14";2066;1911;1911;1;166282
15581;1459940292659;"2016-04-06";74867;4040;4040;1;166641
36849;1459163562025;"2016-03-28";70173;217;868;4;166926
72388;1456318560074;"2016-02-24";43;505;505;1;166936
13093;1462127038206;"2016-05-01";48612;704;704;1;167245
15662;1464077051789;"2016-05-24";15024;1097;1097;1;167678
78805;1460024422005;"2016-04-07";85436;498;498;1;168033
86854;1462362784466;"2016-05-04";82055;498;498;1;168033
33408;1462371088154;"2016-05-04";3754;498;498;1;168033
20278;1463485202584;"2016-05-17";61738;1698;1698;1;168097
66434;1455719279848;"2016-02-17";75113;1351;1351;1;168197
95403;1460020660660;"2016-04-07";76393;1351;1351;1;168197
28275;1455256454728;"2016-02-12";30123;3327;3327;1;168287
1605;1459598131224;"2016-04-02";7472;3492;3492;1;168312
36687;1457542150724;"2016-03-09";21616;347;347;1;168379
10691;1457973784075;"2016-03-14";60849;1552;1552;1;168738
6158;1463243019188;"2016-05-14";40612;1552;1552;1;168738
39626;1464331700871;"2016-05-27";44414;1552;1552;1;168738
84402;1454920383269;"2016-02-08";20950;340;340;1;168900
36864;1463130815235;"2016-05-13";37470;2135;2135;1;169148
35500;1457088521096;"2016-03-04";99098;61;61;1;169480
62176;1464717066579;"2016-05-31";10859;180;180;1;169550
62176;1465147060162;"2016-06-05";26110;180;180;1;169550
64750;1459181673701;"2016-03-28";44289;792;792;1;169669
1311;1464764012155;"2016-06-01";12994;360;360;1;169946
86007;1454137350495;"2016-01-30";79461;1418;1418;1;170043
63730;1457695709454;"2016-03-11";91195;1418;1418;1;170043
55484;1463088298097;"2016-05-13";23771;1418;1418;1;170043
20124;1462957549086;"2016-05-11";10932;820;820;1;170422
32345;1459746122701;"2016-04-04";51704;258;258;1;170603
87056;1464796707463;"2016-06-01";27810;340;340;1;170964
73923;1455687911964;"2016-02-17";37079;352;352;1;171105
1134;1459373124953;"2016-03-31";37182;699;699;1;171257
38569;1461930054675;"2016-04-29";46915;197;197;1;171355
60210;1456520056143;"2016-02-26";37596;292;292;1;171718
38320;1459325917826;"2016-03-30";8881;98;98;1;171811
58604;1458716071839;"2016-03-23";41950;580;2320;4;171876
887;1462000137259;"2016-04-30";31570;1067;1067;1;172020
54577;1463473017758;"2016-05-17";25373;1053;1053;1;172460
85992;1462170693256;"2016-05-02";58453;365;365;1;172524
23270;1456652962424;"2016-02-28";56686;455;455;1;172644
14904;1461753955787;"2016-04-27";37044;317;317;1;172668
49837;1446570745547;"2015-11-03";49190;724;724;1;172782
79165;1460121583762;"2016-04-08";36631;112;112;1;172848
56033;1453894522160;"2016-01-27";91512;491;491;1;173136
70938;1453917129153;"2016-01-27";12127;501;501;1;173138
65300;1455200288608;"2016-02-11";78999;501;501;1;173138
47709;1459779860783;"2016-04-04";16253;2574;2574;1;173172
14736;1456970213446;"2016-03-03";45025;1428;1428;1;173267
81542;1455672458530;"2016-02-17";38374;1031;1031;1;173462
99976;1458626249591;"2016-03-22";62096;1031;1031;1;173462
54296;1463289685476;"2016-05-15";28676;1031;1031;1;173462
99658;1464190347674;"2016-05-25";34434;1031;1031;1;173462
43794;1460608585206;"2016-04-14";14412;491;491;1;173865
45187;1462901901219;"2016-05-10";31481;1399;1399;1;173878
83741;1463173929425;"2016-05-14";95989;1399;1399;1;173878
45522;1462449603565;"2016-05-05";82044;181;181;1;173971
28231;1456923308997;"2016-03-02";41404;2798;2798;1;174044
72450;1457847488335;"2016-03-13";92958;57;57;1;174182
92409;1458920764721;"2016-03-25";27624;7804;7804;1;174337
61518;1458059179857;"2016-03-15";28902;232;232;1;174402
33171;1452629065591;"2016-01-12";93743;443;443;1;174760
9886;1460494603561;"2016-04-12";74159;2998;2998;1;174890
29558;1456723078761;"2016-02-29";81330;407;407;1;175312
19458;1457355054922;"2016-03-07";31003;407;407;1;175312
37267;1454482314004;"2016-02-03";20830;211;211;1;175597
20593;1456812871636;"2016-03-01";36407;613;613;1;175667
97647;1455088288033;"2016-02-10";49663;284;284;1;175884
82196;1460446923469;"2016-04-12";91876;879;879;1;175953
69877;1462967742319;"2016-05-11";73277;1911;1911;1;175972
14946;1456308565857;"2016-02-24";11421;468;468;1;176524
66019;1458558480457;"2016-03-21";85664;1017;2034;2;176803
51918;1450515929264;"2015-12-19";21280;413;413;1;176823
77195;1458837220457;"2016-03-24";53052;449;1347;3;177012
11445;1455271373678;"2016-02-12";22821;2778;2778;1;177051
61622;1461061184247;"2016-04-19";2366;1663;1663;1;178068
76105;1464167772685;"2016-05-25";65949;891;891;1;178105
61309;1454928291234;"2016-02-08";30872;2048;2048;1;178384
45875;1455282717668;"2016-02-12";51364;2048;2048;1;178384
78057;1455884574464;"2016-02-19";14042;2048;2048;1;178384
32235;1456292316805;"2016-02-24";70639;2048;2048;1;178384
28922;1460464285907;"2016-04-12";76095;2048;2048;1;178384
41011;1464418909743;"2016-05-28";42386;491;491;1;178414
38910;1462370497813;"2016-05-04";15034;261;2610;10;178687
11505;1456390927133;"2016-02-25";4441;380;380;1;178944
15827;1461656512421;"2016-04-26";96846;355;355;1;178999
35840;1463935094669;"2016-05-22";48034;1992;1992;1;179024
6771;1460777993025;"2016-04-16";7517;399;399;1;179093
89501;1455554701643;"2016-02-15";23528;2978;2978;1;179757
86328;1458811507575;"2016-03-24";97860;2978;2978;1;179757
39306;1461604219263;"2016-04-25";90245;541;541;1;180193
72370;1462524264575;"2016-05-06";22916;309;309;1;180210
36382;1458615140584;"2016-03-22";56435;1618;1618;1;180484
96916;1460003142729;"2016-04-07";70388;704;704;1;180664
59463;1456214886430;"2016-02-23";64537;560;560;1;180732
10638;1458017414896;"2016-03-15";77114;298;298;1;180947
29636;1454476672084;"2016-02-03";13403;530;2120;4;181138
6107;1456417632777;"2016-02-25";42905;530;2120;4;181138
11661;1460276309393;"2016-04-10";7215;530;2120;4;181138
68181;1460017763671;"2016-04-07";97535;1641;1641;1;182252
21773;1462281071983;"2016-05-03";51490;170;170;1;182560
5114;1460295310978;"2016-04-10";94466;1499;1499;1;182589
93657;1464351881413;"2016-05-27";71734;750;750;1;182749
86529;1454740531900;"2016-02-06";18117;556;556;1;182842
2400;1464090051290;"2016-05-24";83792;867;1734;2;182989
90437;1464436556945;"2016-05-28";10390;232;232;1;183200
44651;1452239786626;"2016-01-08";94490;298;298;1;183277
22115;1460860441868;"2016-04-17";97546;298;298;1;183277
22115;1460868979884;"2016-04-17";35639;298;596;2;183277
44091;1457972141593;"2016-03-14";45408;1144;1144;1;183409
10055;1454958288933;"2016-02-08";94662;1992;1992;1;183879
13076;1460085388842;"2016-04-08";69309;322;322;1;184019
24758;1460997359175;"2016-04-18";51067;1136;4544;4;184124
93153;1459446141705;"2016-03-31";90451;202;202;1;184179
59718;1463298330617;"2016-05-15";93055;653;653;1;184250
22846;1460302430327;"2016-04-10";94394;422;422;1;184268
60726;1463918322729;"2016-05-22";4094;744;744;1;184429
28836;1453451984062;"2016-01-22";70363;2721;2721;1;184504
66915;1454928664193;"2016-02-08";87699;2721;2721;1;184504
27660;1461746804985;"2016-04-27";5385;1734;1734;1;184595
22173;1456669956323;"2016-02-28";29890;410;410;1;184615
45233;1459262502102;"2016-03-29";89238;282;282;1;184644
86762;1459491187458;"2016-04-01";67416;481;1924;4;184921
23790;1454701218188;"2016-02-05";76738;564;564;1;185267
90188;1462774284120;"2016-05-09";82972;286;286;1;185619
32891;1463759707044;"2016-05-20";84056;1038;1038;1;185698
86026;1453414549509;"2016-01-22";78240;1479;1479;1;185990
76423;1459562379165;"2016-04-02";24104;1479;1479;1;185990
53259;1460880055947;"2016-04-17";73423;1911;1911;1;186208
53259;1460887287690;"2016-04-17";84814;1911;1911;1;186208
99443;1463893141158;"2016-05-22";1485;1911;1911;1;186208
69995;1456662951612;"2016-02-28";47580;704;704;1;186376
48765;1462514713751;"2016-05-06";75527;1992;1992;1;186523
20265;1459491779772;"2016-04-01";47494;1031;1031;1;187395
92313;1461927089386;"2016-04-29";62236;1031;1031;1;187395
3316;1461594195529;"2016-04-25";71528;73;73;1;188253
13771;1453903659773;"2016-01-27";41607;1574;1574;1;188261
15121;1453472881406;"2016-01-22";50673;2402;2402;1;188520
26853;1462473328448;"2016-05-05";27193;468;468;1;188544
97567;1452596722607;"2016-01-12";23531;580;580;1;189289
22155;1456853119723;"2016-03-01";94774;2452;4904;2;189488
13408;1464288134064;"2016-05-26";89507;530;530;1;189735
26829;1462007083560;"2016-04-30";36623;372;372;1;189880
8732;1463391780861;"2016-05-16";24048;307;307;1;189986
37894;1464337452662;"2016-05-27";78921;474;474;1;190238
70430;1458721668254;"2016-03-23";50700;175;175;1;190444
59844;1453278448379;"2016-01-20";61087;446;446;1;190726
42449;1463485320344;"2016-05-17";49327;385;385;1;190741
31769;1463075998267;"2016-05-12";61199;530;2120;4;190875
54451;1453712353501;"2016-01-25";79865;271;271;1;191028
66311;1455299857841;"2016-02-12";20350;413;413;1;191330
72999;1460270501561;"2016-04-10";72679;942;942;1;191415
30236;1459959204679;"2016-04-06";89940;309;309;1;191506
95653;1461165832362;"2016-04-20";38443;1017;1017;1;191933
23328;1463585725483;"2016-05-18";58599;461;461;1;192048
97174;1456940248653;"2016-03-02";43150;898;898;1;192138
88787;1457583445537;"2016-03-10";61584;898;898;1;192138
54790;1458107054291;"2016-03-16";15123;1121;1121;1;192373
50618;1454136696981;"2016-01-30";71947;14664;14664;1;192678
53280;1455694144007;"2016-02-17";91599;1067;1067;1;192991
29636;1454476672084;"2016-02-03";13403;671;2684;4;193018
2599;1464628383414;"2016-05-30";74225;545;545;1;193108
81330;1461948269886;"2016-04-29";16045;2288;2288;1;193117
46464;1457453216809;"2016-03-08";93374;324;324;1;193198
65912;1460204309999;"2016-04-09";81543;1552;1552;1;193420
26058;1460385066737;"2016-04-11";32045;1552;1552;1;193420
45466;1461660657157;"2016-04-26";38528;1261;1261;1;194043
25311;1463317850450;"2016-05-15";67167;671;671;1;194091
14806;1457711484730;"2016-03-11";58686;4182;4182;1;194128
29276;1461611582494;"2016-04-25";3287;1629;1629;1;194148
30679;1453199491989;"2016-01-19";11497;156;156;1;194560
80219;1463338614435;"2016-05-15";81716;271;271;1;194582
54790;1458107664572;"2016-03-16";87647;1758;1758;1;194837
50143;1464631626235;"2016-05-30";97067;3517;3517;1;194838
50650;1463560919020;"2016-05-18";28568;142;142;1;194933
62566;1461860027282;"2016-04-28";21247;198;198;1;195095
85941;1458202890537;"2016-03-17";43194;302;302;1;195179
40312;1456941281303;"2016-03-02";82119;149;149;1;195676
21762;1460351543210;"2016-04-11";93674;648;2592;4;195932
83645;1455380814885;"2016-02-13";96475;329;329;1;196241
94896;1454317079780;"2016-02-01";35677;1458;1458;1;196347
31759;1461168764425;"2016-04-20";83635;982;982;1;196539
65282;1464277700472;"2016-05-26";58348;1795;1795;1;196773
66934;1455808591773;"2016-02-18";92982;549;549;1;196880
82695;1456906756151;"2016-03-02";92636;189;189;1;196928
74071;1464214187230;"2016-05-26";4919;307;307;1;196988
38762;1458751987960;"2016-03-23";67866;755;755;1;197208
48177;1458211399959;"2016-03-17";10058;223;892;4;197305
7548;1461059995152;"2016-04-19";40714;867;867;1;197494
93056;1463800666497;"2016-05-21";47870;781;781;1;197515
4496;1457593919249;"2016-03-10";95633;347;347;1;197644
44515;1458835531485;"2016-03-24";93373;347;347;1;197644
6486;1464109137061;"2016-05-24";17025;2077;2077;1;197655
20469;1464668801663;"2016-05-31";14197;267;267;1;197663
34795;1456478593123;"2016-02-26";86956;1144;1144;1;197940
32286;1459582549032;"2016-04-02";27859;1885;1885;1;197961
16003;1460437705157;"2016-04-12";59306;1885;1885;1;197961
38139;1456808992549;"2016-03-01";70844;61;61;1;198105
91044;1464065831228;"2016-05-24";63321;2062;2062;1;198126
12454;1463034615518;"2016-05-12";33773;537;537;1;198199
9870;1460794134287;"2016-04-16";73894;695;695;1;198334
44812;1452331618907;"2016-01-09";82971;458;458;1;198371
86176;1460471980030;"2016-04-12";34442;491;491;1;198375
70193;1462019874895;"2016-04-30";82700;1771;1771;1;198410
70193;1462089863574;"2016-05-01";82700;1771;1771;1;198410
46941;1462119490805;"2016-05-01";98276;1771;1771;1;198410
7283;1456409566764;"2016-02-25";21224;2740;2740;1;198544
48677;1463571881626;"2016-05-18";63189;2740;2740;1;198544
80300;1463393546521;"2016-05-16";1929;474;474;1;198642
10712;1454004196534;"2016-01-28";21776;350;350;1;198734
14997;1461751036157;"2016-04-27";40576;1361;1361;1;198897
61049;1462881427566;"2016-05-10";70515;798;798;1;198933
77767;1463148036648;"2016-05-13";37400;247;247;1;199208
93875;1463376484602;"2016-05-16";96439;247;247;1;199208
38569;1461930054675;"2016-04-29";46915;162;162;1;199518
4496;1457593919249;"2016-03-10";95633;119;119;1;199853
7673;1455117870565;"2016-02-10";56743;471;471;1;200238
20612;1457100220607;"2016-03-04";46834;340;340;1;200340
49568;1461168585546;"2016-04-20";69489;556;556;1;200580
884;1464151260795;"2016-05-25";94385;787;787;1;201278
2966;1454343092801;"2016-02-01";20420;294;294;1;201377
36041;1454686481376;"2016-02-05";19030;294;294;1;201377
30790;1458839456493;"2016-03-24";12961;1243;1243;1;201507
56329;1462016278560;"2016-04-30";18808;695;695;1;201573
28202;1452150808246;"2016-01-07";17852;302;302;1;201608
50014;1459924280286;"2016-04-06";17210;523;523;1;201748
4650;1460540482229;"2016-04-13";59521;278;278;1;201912
72298;1457472265247;"2016-03-09";26131;1038;1038;1;201982
72298;1457472265247;"2016-03-09";26131;1038;1038;1;201982
63899;1463839504259;"2016-05-21";1000;1067;1067;1;203142
15343;1464693648752;"2016-05-31";79080;1596;1596;1;203267
25270;1457454271356;"2016-03-08";90998;365;365;1;203455
17219;1458661922997;"2016-03-22";30697;982;982;1;203536
52942;1462875168788;"2016-05-10";6823;488;488;1;203587
12770;1460535004188;"2016-04-13";65323;221;221;1;203623
97614;1462957402503;"2016-05-11";98144;151;151;1;203776
35085;1463026057498;"2016-05-12";85220;962;962;1;203940
12978;1458889287405;"2016-03-25";71045;1031;1031;1;203948
74076;1462804552310;"2016-05-09";64195;685;685;1;203993
42774;1454309378728;"2016-02-01";58281;63;63;1;204060
86923;1461131968535;"2016-04-20";58623;556;1112;2;204086
22699;1455594572802;"2016-02-16";14979;792;792;1;204096
95946;1455999531242;"2016-02-20";90368;1795;1795;1;205019
8165;1462464211997;"2016-05-05";27055;1795;1795;1;205019
95895;1460461072893;"2016-04-12";38286;1399;2798;2;205390
97668;1459264626746;"2016-03-29";76604;385;385;1;205532
94361;1462538389935;"2016-05-06";26636;1067;1067;1;205595
64435;1458488109343;"2016-03-20";15889;377;377;1;205665
82761;1460206074739;"2016-04-09";45877;1846;1846;1;205700
73809;1460297560176;"2016-04-10";75991;1846;1846;1;205700
15916;1461940950267;"2016-04-29";78122;1846;1846;1;205700
81909;1464368545843;"2016-05-27";15043;1846;1846;1;205700
93760;1464602517220;"2016-05-30";73677;1296;1296;1;206180
23771;1462887671700;"2016-05-10";84909;2778;2778;1;206209
61169;1460391296347;"2016-04-11";11463;744;744;1;206324
72094;1464797214965;"2016-06-01";58451;526;526;1;206564
17174;1461754420104;"2016-04-27";19933;352;352;1;206719
81758;1463648086079;"2016-05-19";89428;322;322;1;206837
6352;1449858384110;"2015-12-11";77288;440;440;1;206972
54687;1462195132365;"2016-05-02";18592;867;3468;4;207076
57630;1460028078984;"2016-04-07";52025;276;276;1;207493
4414;1460643873759;"2016-04-14";30927;399;1596;4;207721
72380;1460958642852;"2016-04-18";90822;3350;3350;1;207810
18390;1456291706723;"2016-02-24";86530;2876;2876;1;207952
86188;1458716864713;"2016-03-23";43675;2876;2876;1;207952
66019;1458558480457;"2016-03-21";85664;530;530;1;208088
18355;1458732691634;"2016-03-23";2271;530;530;1;208088
55154;1461836222210;"2016-04-28";54963;271;271;1;208308
55154;1461837041937;"2016-04-28";71882;271;271;1;208308
3576;1455190600352;"2016-02-11";67142;803;803;1;208434
49568;1461168585546;"2016-04-20";69489;596;596;1;208479
85322;1457895426253;"2016-03-13";67118;380;380;1;208502
37268;1454780828640;"2016-02-06";39131;443;443;1;208631
28526;1465070102449;"2016-06-04";15309;2402;2402;1;208681
16656;1458808478470;"2016-03-24";87236;458;458;1;208887
13884;1460867786595;"2016-04-17";61670;419;419;1;208952
8474;1463164708312;"2016-05-13";87094;962;962;1;209058
23667;1457507390475;"2016-03-09";9590;367;367;1;209219
3942;1457510899504;"2016-03-09";37872;367;734;2;209219
71132;1457672553689;"2016-03-11";92643;367;367;1;209219
7016;1457675541635;"2016-03-11";31110;367;367;1;209219
66502;1457689477561;"2016-03-11";43254;367;367;1;209219
2263;1462910420235;"2016-05-10";52861;367;367;1;209219
11446;1457936971646;"2016-03-14";82945;335;335;1;209245
82609;1453905838200;"2016-01-27";17823;1361;1361;1;209345
80392;1456585989054;"2016-02-27";8253;1361;1361;1;209345
43024;1456665331022;"2016-02-28";47126;1361;1361;1;209345
41057;1460611445830;"2016-04-14";12686;1361;1361;1;209345
30461;1463302662721;"2016-05-15";47101;750;750;1;209574
15898;1461041775197;"2016-04-19";10433;278;278;1;209704
71940;1462715920076;"2016-05-08";89516;576;576;1;209707
6946;1459519127908;"2016-04-01";58763;1060;1060;1;209835
90531;1461566708119;"2016-04-25";28461;592;2368;4;209992
45067;1462867035990;"2016-05-10";35389;592;2368;4;209992
96532;1464705677451;"2016-05-31";92516;428;428;1;210146
97538;1463032100186;"2016-05-12";37058;861;3444;4;210391
97538;1463044805346;"2016-05-12";70428;861;3444;4;210391
69696;1452624984305;"2016-01-12";10829;399;399;1;210421
51193;1453911406283;"2016-01-27";2187;402;804;2;210536
23734;1455702649700;"2016-02-17";42768;365;365;1;210654
3942;1458324876848;"2016-03-18";96246;760;760;1;210956
83197;1459848396586;"2016-04-05";25563;760;760;1;210956
3935;1462330708565;"2016-05-04";97648;446;446;1;211246
94700;1458020605066;"2016-03-15";31022;3666;3666;1;211417
88787;1457583445537;"2016-03-10";61584;1046;1046;1;211448
23007;1464243255847;"2016-05-26";25486;1046;1046;1;211448
60659;1448553024246;"2015-11-26";5743;7082;7082;1;211826
49105;1457534288048;"2016-03-09";4396;1082;1082;1;212147
97537;1456320973153;"2016-02-24";91774;553;553;1;212388
15290;1464599093440;"2016-05-30";23825;635;635;1;212584
32029;1453031264695;"2016-01-17";71342;2257;2257;1;212610
74757;1459570892918;"2016-04-02";40254;331;1324;4;213693
12188;1447092727020;"2015-11-09";16602;584;584;1;213737
21415;1459840295369;"2016-04-05";29192;1710;1710;1;213749
33741;1456322314485;"2016-02-24";91108;204;204;1;213965
91612;1452282197682;"2016-01-08";18780;2180;2180;1;214242
21046;1463300340375;"2016-05-15";39592;2180;2180;1;214242
76473;1461947567168;"2016-04-29";58806;1389;1389;1;214309
35846;1459954273584;"2016-04-06";4753;744;744;1;214603
84572;1460630940276;"2016-04-14";62064;519;519;1;214743
58604;1458716071839;"2016-03-23";41950;333;1332;4;214833
47816;1455426013153;"2016-02-14";20839;849;849;1;215099
95060;1460211515462;"2016-04-09";42430;644;2576;4;215150
20075;1455889375630;"2016-02-19";52098;362;362;1;215179
87571;1459324124678;"2016-03-30";82251;1641;1641;1;215262
14153;1461745300720;"2016-04-27";48775;3984;3984;1;215333
43227;1464171442650;"2016-05-25";23197;1038;1038;1;215337
6486;1464170639360;"2016-05-25";17025;2077;2077;1;215459
5874;1462897964364;"2016-05-10";81993;129;129;1;215552
87832;1460467086860;"2016-04-12";32737;564;564;1;215691
17931;1458470322661;"2016-03-20";60824;367;367;1;216082
20621;1453712613667;"2016-01-25";31953;294;294;1;216343
80706;1452577560435;"2016-01-12";14278;428;428;1;216370
80706;1452586565822;"2016-01-12";74140;428;428;1;216370
80256;1458670566568;"2016-03-22";88416;428;428;1;216370
1877;1461580718703;"2016-04-25";50640;300;300;1;216413
51441;1456203785138;"2016-02-23";36375;657;2628;4;216516
86616;1463411521693;"2016-05-16";72712;1380;1380;1;216636
55493;1462872432103;"2016-05-10";1814;405;405;1;216637
35857;1456862667197;"2016-03-01";94432;898;898;1;216683
71926;1459703163370;"2016-04-03";96316;898;898;1;216683
41840;1455708075577;"2016-02-17";44390;1846;1846;1;216764
24323;1459792010805;"2016-04-04";18257;1846;1846;1;216764
35709;1464531685071;"2016-05-29";55206;1846;1846;1;216764
69048;1462447476006;"2016-05-05";33088;526;526;1;216795
12188;1447092727020;"2015-11-09";16602;440;440;1;217202
89721;1463169429453;"2016-05-13";72599;537;537;1;217559
63062;1460298329307;"2016-04-10";58423;286;286;1;217791
42862;1453458797976;"2016-01-22";79986;798;798;1;217955
94005;1458479739627;"2016-03-20";23285;1820;1820;1;218162
76868;1462342656632;"2016-05-04";91391;4330;4330;1;218246
89573;1460111359859;"2016-04-08";54616;276;276;1;218295
88240;1456131506876;"2016-02-22";8056;1017;1017;1;218327
19452;1456913141215;"2016-03-02";8301;413;413;1;218480
13869;1458548582185;"2016-03-21";50515;176;176;1;218665
68940;1456409249278;"2016-02-25";66695;355;355;1;219130
62064;1455723035164;"2016-02-17";12305;1438;1438;1;219135
40923;1459700736176;"2016-04-03";73377;1438;1438;1;219135
87824;1458455078019;"2016-03-20";30275;653;653;1;219160
72784;1461161845496;"2016-04-20";23784;653;653;1;219160
83545;1461642130512;"2016-04-26";40512;1808;1808;1;219256
57753;1456387942638;"2016-02-25";67921;3566;3566;1;219495
85793;1453897818300;"2016-01-27";69089;1448;1448;1;219827
48335;1462383934863;"2016-05-04";63286;1448;1448;1;219827
14960;1462532138045;"2016-05-06";17242;626;626;1;220024
77299;1461052699804;"2016-04-19";43834;648;648;1;220040
22142;1456926592010;"2016-03-02";88526;375;375;1;220261
47837;1462811121792;"2016-05-09";39417;781;781;1;220319
25124;1460662151241;"2016-04-14";7353;228;228;1;220396
97802;1463243385243;"2016-05-14";23346;228;228;1;220396
45531;1463243347589;"2016-05-14";56585;1193;1193;1;220418
83055;1458549468534;"2016-03-21";76812;95;95;1;220641
6830;1458986680009;"2016-03-26";34413;95;95;1;220641
80659;1460872546602;"2016-04-17";26174;95;95;1;220641
31286;1461736775954;"2016-04-27";60024;1795;1795;1;220764
23325;1454171021266;"2016-01-30";15897;1795;1795;1;220764
43775;1458838479043;"2016-03-24";58530;1795;1795;1;220764
43775;1458899510906;"2016-03-25";58530;1795;1795;1;220764
39121;1454403364429;"2016-02-02";70942;311;311;1;220925
69268;1459503645296;"2016-04-01";31353;2452;2452;1;221432
99403;1455555062386;"2016-02-15";9260;154;154;1;221647
94185;1461862868216;"2016-04-28";48640;523;523;1;221777
59684;1454750082643;"2016-02-06";20318;1399;1399;1;223042
94688;1454322330841;"2016-02-01";5916;1261;1261;1;223796
94185;1460659570013;"2016-04-14";73719;377;377;1;224125
12188;1450305277573;"2015-12-17";56554;471;471;1;224173
11373;1455948022614;"2016-02-20";97847;274;274;1;224281
56166;1458928641444;"2016-03-25";31052;3822;3822;1;224388
21823;1457769632952;"2016-03-12";10954;572;572;1;224932
96378;1458233065552;"2016-03-17";16062;402;1608;4;225094
43171;1461504122972;"2016-04-24";59154;186;372;2;225431
93023;1463928133629;"2016-05-22";7448;90;90;1;225486
21192;1460375238991;"2016-04-11";82730;355;355;1;225870
60726;1463918322729;"2016-05-22";4094;67;67;1;226074
91574;1457205677226;"2016-03-05";28439;1563;6252;4;226190
83156;1461560059330;"2016-04-25";44760;498;498;1;226207
27061;1463067547283;"2016-05-12";3813;405;405;1;226477
74887;1456134785326;"2016-02-22";89662;6985;6985;1;226748
87538;1464108909518;"2016-05-24";9078;2226;2226;1;226910
92513;1455443183025;"2016-02-14";40829;657;657;1;227018
94314;1461732927586;"2016-04-27";1204;657;657;1;227018
31403;1457953571603;"2016-03-14";72028;347;347;1;227289
95903;1459365465838;"2016-03-30";46957;296;592;2;227488
95903;1459569660872;"2016-04-02";76727;296;888;3;227488
26328;1451828969132;"2016-01-03";49674;251;251;1;227826
18571;1454004437826;"2016-01-28";12838;251;251;1;227826
558;1458065619164;"2016-03-15";917;576;576;1;228118
558;1458113939621;"2016-03-16";917;576;576;1;228118
97106;1464148931331;"2016-05-25";95329;576;576;1;228118
57278;1456943346431;"2016-03-02";95790;898;898;1;228131
13230;1460474047998;"2016-04-12";90847;112;112;1;228237
19883;1453812012745;"2016-01-26";25083;252;252;1;228365
77538;1456577329001;"2016-02-27";93379;377;377;1;228639
9969;1456845739076;"2016-03-01";78717;1168;1168;1;228914
50827;1462533912008;"2016-05-06";24614;765;765;1;229052
52078;1461752851791;"2016-04-27";72572;399;798;2;229564
19584;1452624068317;"2016-01-12";17159;215;215;1;229728
9792;1459521464341;"2016-04-01";12170;223;223;1;230187
95897;1454766384077;"2016-02-06";44360;333;333;1;230474
36973;1458111575360;"2016-03-16";37749;333;333;1;230474
19561;1460432106511;"2016-04-12";65821;440;440;1;231020
94890;1461826386907;"2016-04-28";6868;113;113;1;231142
72008;1464456601772;"2016-05-28";46284;367;367;1;231418
66450;1463755954822;"2016-05-20";25245;478;478;1;231434
32306;1459695699430;"2016-04-03";58254;83;83;1;231550
70031;1462436565252;"2016-05-05";74932;600;600;1;231976
59906;1460105470878;"2016-04-08";22813;626;2504;4;232148
35069;1459314831590;"2016-03-30";4622;630;630;1;232412
9692;1464567754964;"2016-05-30";84940;6841;6841;1;232482
28586;1455650718009;"2016-02-16";50811;278;278;1;232519
70876;1463564453320;"2016-05-18";60854;370;370;1;232554
43641;1461217637859;"2016-04-21";23781;100;100;1;232664
44046;1466059292052;"2016-06-16";61404;162;162;1;232739
95806;1461737984188;"2016-04-27";21129;699;699;1;232835
37321;1458625970183;"2016-03-22";69178;377;377;1;233228
13941;1459186496877;"2016-03-28";8910;541;541;1;233660
11125;1463375084969;"2016-05-16";12977;564;564;1;233731
3402;1461127918571;"2016-04-20";75505;347;347;1;233945
28193;1456668470221;"2016-02-28";49269;680;2720;4;234173
58362;1453021600878;"2016-01-17";40753;343;343;1;234291
21366;1454143742213;"2016-01-30";51055;1607;1607;1;234332
49252;1452872116495;"2016-01-15";2944;976;976;1;234384
61169;1460391296347;"2016-04-11";11463;155;155;1;234545
55585;1463388549387;"2016-05-16";20226;375;375;1;234566
56078;1458323680845;"2016-03-18";24566;734;734;1;234834
56078;1458323680845;"2016-03-18";24566;734;734;1;234834
56078;1458323680845;"2016-03-18";24566;734;734;1;234834
94241;1454245958754;"2016-01-31";67011;2435;2435;1;235196
2166;1455370463566;"2016-02-13";98485;1031;1031;1;235235
14641;1462980055776;"2016-05-11";58957;1031;1031;1;235235
36041;1454686481376;"2016-02-05";19030;815;815;1;235284
47286;1456390125929;"2016-02-25";86821;815;815;1;235284
81072;1461059309403;"2016-04-19";13870;2336;2336;1;235709
30675;1458531134096;"2016-03-21";34266;2521;2521;1;235827
71949;1460290012513;"2016-04-10";83854;549;549;1;235836
45349;1455450266537;"2016-02-14";65388;3591;3591;1;235963
98349;1455473315742;"2016-02-14";61636;3591;3591;1;235963
98349;1455488578808;"2016-02-15";71410;3591;3591;1;235963
63719;1455713421859;"2016-02-17";68244;3591;3591;1;235963
47080;1458452011252;"2016-03-20";35757;560;560;1;236042
91990;1461695770756;"2016-04-26";23713;3083;3083;1;236184
48499;1453440893626;"2016-01-22";3317;309;309;1;236227
14380;1456919079692;"2016-03-02";18918;309;309;1;236227
80796;1458923839482;"2016-03-25";81501;343;343;1;236439
87623;1455278573951;"2016-02-12";24226;923;923;1;236702
91740;1455648075766;"2016-02-16";38052;367;367;1;236754
14736;1456970213446;"2016-03-03";45025;326;326;1;237205
51250;1461055838455;"2016-04-19";89881;229;229;1;237290
4696;1456839588408;"2016-03-01";12235;1820;1820;1;237564
30755;1460872308588;"2016-04-17";15550;1261;1261;1;237728
95663;1463133131511;"2016-05-13";28545;600;600;1;237741
76044;1461653443122;"2016-04-26";92343;163;163;1;237838
83248;1460389314627;"2016-04-11";34891;2288;2288;1;238034
55037;1462482516461;"2016-05-06";86653;704;704;1;238282
16914;1456979562589;"2016-03-03";69731;644;644;1;238399
2321;1460725922169;"2016-04-15";82498;298;298;1;238450
57913;1463469553855;"2016-05-17";42166;495;495;1;238787
58077;1464320883954;"2016-05-27";25327;605;605;1;239319
37480;1459838778687;"2016-04-05";29876;2487;2487;1;239591
30934;1464332939348;"2016-05-27";9696;251;251;1;239740
62671;1459859302168;"2016-04-05";4819;1992;1992;1;239990
19560;1460433203159;"2016-04-12";31370;1992;1992;1;239990
70880;1458571843664;"2016-03-21";42647;917;917;1;240025
38127;1457834309025;"2016-03-13";43976;484;484;1;240453
44038;1461991529615;"2016-04-30";32031;375;375;1;240535
85825;1455878303220;"2016-02-19";37988;4330;4330;1;240708
79295;1455185603293;"2016-02-11";88524;212;212;1;240787
85447;1455700491956;"2016-02-17";78328;826;826;1;241386
90905;1458689370025;"2016-03-23";98331;826;826;1;241386
14133;1459761942522;"2016-04-04";6482;826;826;1;241386
90905;1458689370025;"2016-03-23";98331;128;128;1;241673
4121;1453053522065;"2016-01-17";79894;803;803;1;242197
14590;1457516475686;"2016-03-09";77410;803;803;1;242197
70270;1464686287047;"2016-05-31";54789;410;410;1;242888
21210;1456977227712;"2016-03-03";61061;564;564;1;243054
5401;1461667534475;"2016-04-26";36324;1552;1552;1;243060
32345;1459746122701;"2016-04-04";51704;431;431;1;243193
37609;1458057264625;"2016-03-15";33953;776;776;1;243412
95895;1460438178328;"2016-04-12";13034;976;976;1;243559
28417;1464694571441;"2016-05-31";46971;1333;1333;1;243593
3444;1454741847438;"2016-02-06";26049;115;115;1;243759
39573;1460059051750;"2016-04-07";1244;820;820;1;243776
93524;1461934425082;"2016-04-29";4849;537;537;1;244061
42774;1454299616379;"2016-02-01";31035;690;690;1;244342
26107;1458833968759;"2016-03-24";13670;744;744;1;244539
79881;1454067443061;"2016-01-29";66609;3822;3822;1;244854
80659;1460872546602;"2016-04-17";26174;891;891;1;244977
86293;1459317731418;"2016-03-30";83357;553;553;1;245220
75197;1462557622543;"2016-05-06";77566;191;191;1;245478
75197;1462557622543;"2016-05-06";77566;191;191;1;245478
79373;1457182043861;"2016-03-05";15514;519;519;1;245914
71567;1458565637558;"2016-03-21";70240;942;942;1;246151
18271;1452850512100;"2016-01-15";34088;271;271;1;246281
77818;1461697572285;"2016-04-26";11711;3304;3304;1;246286
73760;1464346540663;"2016-05-27";42759;3304;3304;1;246286
69531;1456472006754;"2016-02-26";78737;355;355;1;246452
92455;1460182362871;"2016-04-09";30149;355;355;1;246452
40811;1459843329206;"2016-04-05";26588;815;815;1;246708
57015;1460456073815;"2016-04-12";74602;338;338;1;246712
59976;1461026504947;"2016-04-19";27767;734;734;1;247059
92335;1461494732412;"2016-04-24";80703;734;734;1;247059
19584;1452624068317;"2016-01-12";17159;1541;1541;1;247121
85954;1463070297094;"2016-05-12";54009;263;263;1;247349
67001;1459423118488;"2016-03-31";61884;1235;1235;1;247387
21895;1454555977542;"2016-02-04";92845;917;917;1;247398
58808;1460289741824;"2016-04-10";88934;917;917;1;247398
13788;1462555522564;"2016-05-06";25479;917;917;1;247398
61400;1458238227810;"2016-03-17";47198;2702;2702;1;247692
70075;1455362331891;"2016-02-13";20163;1060;1060;1;247897
45347;1456288002295;"2016-02-24";54651;576;576;1;247942
15272;1445146692389;"2015-10-18";21984;160;320;2;248370
51571;1455090765785;"2016-02-10";90186;474;474;1;249176
6830;1458986680009;"2016-03-26";34413;296;296;1;249265
43533;1456309883004;"2016-02-24";93538;744;744;1;249835
54011;1457290718009;"2016-03-06";13250;326;326;1;250014
90498;1453417317731;"2016-01-22";4410;910;910;1;250292
12832;1461570230389;"2016-04-25";54561;709;709;1;250344
86709;1454431340340;"2016-02-02";78732;537;537;1;250520
5522;1460519551595;"2016-04-13";75332;4482;4482;1;250635
98869;1452322417220;"2016-01-09";28167;481;481;1;250861
19427;1455621743303;"2016-02-16";99523;792;792;1;251036
11950;1461129541920;"2016-04-20";49916;792;792;1;251036
82981;1463043797334;"2016-05-12";70923;405;405;1;251418
27212;1461594335113;"2016-04-25";31718;114;114;1;251458
76897;1452530739011;"2016-01-11";7679;891;891;1;251467
9245;1463552257953;"2016-05-18";8061;505;505;1;251873
36010;1454319219967;"2016-02-01";34888;388;388;1;252731
21687;1456151079380;"2016-02-22";18609;809;809;1;253050
99716;1458899015315;"2016-03-25";20312;519;2076;4;253427
77425;1461075064718;"2016-04-19";2408;519;2076;4;253427
53275;1461667281379;"2016-04-26";59704;495;495;1;253438
88189;1460984721027;"2016-04-18";12230;343;343;1;253626
43399;1455814564713;"2016-02-18";34172;175;175;1;253961
47263;1455867982554;"2016-02-19";21138;3104;3104;1;254033
10243;1455691846210;"2016-02-17";55644;146;146;1;254150
42114;1460186319232;"2016-04-09";30014;71;71;1;254346
85515;1455888604743;"2016-02-19";20302;584;584;1;254649
4254;1456639223509;"2016-02-28";36905;584;584;1;254649
22787;1461129889322;"2016-04-20";4399;584;584;1;254649
53403;1460281015033;"2016-04-10";25640;588;588;1;254699
34544;1456039032041;"2016-02-21";16327;729;729;1;254944
15643;1451839097616;"2016-01-03";5317;258;258;1;254985
85007;1462859424555;"2016-05-10";13467;461;461;1;255186
15517;1462856874912;"2016-05-10";65659;917;917;1;255337
89520;1462005724286;"2016-04-30";65501;622;622;1;255374
86477;1459937335410;"2016-04-06";84402;549;2196;4;255405
66271;1457624331984;"2016-03-10";19031;407;407;1;255705
25258;1456917205232;"2016-03-02";21127;600;600;1;255947
86476;1461605859744;"2016-04-25";4834;1168;1168;1;256560
78620;1459003781257;"2016-03-26";70167;2856;2856;1;257053
22563;1461082896172;"2016-04-19";63389;760;760;1;257272
16325;1458055950946;"2016-03-15";88507;1269;1269;1;257501
98343;1458226666690;"2016-03-17";17035;3191;3191;1;257595
5591;1455694145563;"2016-02-17";48111;282;282;1;258348
45640;1454935876625;"2016-02-08";98498;3281;3281;1;258807
97671;1456380540147;"2016-02-25";6139;73;73;1;258984
19458;1457356209323;"2016-03-07";68358;416;416;1;259355
20593;1456812871636;"2016-03-01";36407;488;976;2;259413
78338;1456416343347;"2016-02-25";29230;855;855;1;259487
70908;1455290415033;"2016-02-12";74332;2419;2419;1;259676
47476;1458485261243;"2016-03-20";88;815;815;1;259796
80902;1459354195776;"2016-03-30";62690;815;815;1;259796
78428;1464414746544;"2016-05-28";55339;644;644;1;259813
34091;1464772921704;"2016-06-01";35827;630;630;1;259846
55156;1456854786333;"2016-03-01";67848;936;936;1;259990
58273;1461635102129;"2016-04-26";81079;936;936;1;259990
61934;1457357019176;"2016-03-07";70512;613;613;1;260203
65238;1454345165826;"2016-02-01";9097;1296;1296;1;260416
95188;1453709245142;"2016-01-25";83098;1734;1734;1;260579
68521;1459972747813;"2016-04-06";6503;2817;2817;1;260766
28481;1458044015648;"2016-03-15";99710;1938;1938;1;262104
78885;1457626729611;"2016-03-10";6825;849;849;1;262415
35145;1455788257338;"2016-02-18";22262;335;335;1;262835
37510;1452354735921;"2016-01-09";6908;2684;2684;1;263028
10211;1458736921314;"2016-03-23";56564;1136;1136;1;263247
83424;1459096839538;"2016-03-27";3419;1136;1136;1;263247
82981;1463043797334;"2016-05-12";70923;803;803;1;263377
76065;1461523013348;"2016-04-24";22982;1128;1128;1;263482
93355;1453703106461;"2016-01-25";1540;333;333;1;263487
71845;1463900143535;"2016-05-22";84555;512;512;1;263585
53849;1451645043349;"2016-01-01";93588;94;94;1;263677
60008;1453970362724;"2016-01-28";80427;955;955;1;263923
47929;1453979830748;"2016-01-28";79441;580;580;1;264082
52768;1454212285456;"2016-01-31";26417;662;662;1;264412
1723;1463421469302;"2016-05-16";24661;5149;5149;1;264769
55690;1458206999135;"2016-03-17";86996;1226;1226;1;264800
76231;1456312589614;"2016-02-24";81470;2336;2336;1;264866
46982;1460788006948;"2016-04-16";1920;2336;2336;1;264866
4305;1459794695748;"2016-04-04";10112;258;258;1;264898
84349;1459175093975;"2016-03-28";19084;446;446;1;265118
98812;1462717861964;"2016-05-08";15796;3191;3191;1;265240
14904;1461753955787;"2016-04-27";37044;455;455;1;265245
60601;1455967618466;"2016-02-20";55822;393;393;1;265593
51000;1451737599707;"2016-01-02";20104;3541;3541;1;265625
93306;1464265081898;"2016-05-26";64968;3616;3616;1;265811
37550;1463243404639;"2016-05-14";44191;461;922;2;265976
3023;1463227313412;"2016-05-14";60212;534;534;1;266000
40932;1460380215730;"2016-04-11";66864;10016;10016;1;266074
78238;1462772130328;"2016-05-09";78013;402;402;1;266117
3760;1460701344672;"2016-04-15";85358;560;560;1;266980
91061;1458483639428;"2016-03-20";15669;644;644;1;266994
44970;1458555501007;"2016-03-21";29370;644;644;1;266994
81034;1455982431310;"2016-02-20";19196;771;771;1;267440
29254;1462900861180;"2016-05-10";86873;103;103;1;267703
74669;1455962256269;"2016-02-20";42531;288;288;1;267835
67998;1448967511423;"2015-12-01";9059;419;419;1;267885
2112;1453975939619;"2016-01-28";82432;396;396;1;267982
28474;1462996656650;"2016-05-11";89708;734;2936;4;268043
27157;1451891748225;"2016-01-04";273;820;820;1;268182
70204;1460103233622;"2016-04-08";5591;815;815;1;268478
19528;1464120080874;"2016-05-24";53244;855;855;1;268500
64398;1456757171003;"2016-02-29";2144;855;855;1;268500
84205;1460787625282;"2016-04-16";26556;917;917;1;268667
47173;1461686223780;"2016-04-26";71890;917;917;1;268667
99988;1463447385843;"2016-05-17";90455;170;170;1;268927
20253;1452750097343;"2016-01-14";77672;201;201;1;268941
65174;1455435002547;"2016-02-14";59598;105;105;1;268955
91993;1460270110208;"2016-04-10";60297;104;104;1;269157
21328;1452791321006;"2016-01-14";39755;498;498;1;269873
43830;1456029454499;"2016-02-21";27845;304;304;1;270071
59329;1464283242226;"2016-05-26";80732;622;1244;2;270183
31457;1454249105314;"2016-01-31";95094;204;204;1;270329
50618;1454138228429;"2016-01-30";8966;123;123;1;270340
47738;1454322500610;"2016-02-01";77647;478;478;1;270975
11649;1460096830794;"2016-04-08";89555;724;2896;4;271489
97618;1456937838786;"2016-03-02";30022;4451;4451;1;271974
97618;1456937838786;"2016-03-02";30022;4451;4451;1;271974
9761;1457114457211;"2016-03-04";36228;1771;1771;1;271997
35935;1452582107949;"2016-01-12";97614;744;744;1;272130
44651;1452239078305;"2016-01-08";45242;1067;1067;1;272195
3240;1460220733293;"2016-04-09";60583;375;375;1;272226
1816;1464424659005;"2016-05-28";31427;843;843;1;272260
49086;1464040654666;"2016-05-24";5233;434;434;1;272279
49787;1456840513748;"2016-03-01";48790;1399;1399;1;272616
87633;1459006313576;"2016-03-26";50308;1399;1399;1;272616
90265;1462931213704;"2016-05-11";44613;1261;5044;4;272806
96073;1455792992161;"2016-02-18";79884;3769;3769;1;272970
50680;1463232323344;"2016-05-14";39731;3769;3769;1;272970
31736;1463546285669;"2016-05-18";56838;2817;2817;1;273154
31736;1463643158558;"2016-05-19";56838;2817;2817;1;273154
31736;1463765217397;"2016-05-20";56838;2817;2817;1;273154
41011;1464418909743;"2016-05-28";42386;465;465;1;273211
82408;1454170060483;"2016-01-30";20871;1489;1489;1;273591
64577;1453827665264;"2016-01-26";68864;431;431;1;273943
25539;1454916732227;"2016-02-08";42198;739;739;1;274141
63079;1458635762645;"2016-03-22";13534;1898;1898;1;274146
8660;1458119585700;"2016-03-16";77701;2257;2257;1;274258
34969;1463587452270;"2016-05-18";98337;244;244;1;274349
70083;1456908292366;"2016-03-02";86007;1833;1833;1;274410
97668;1459264626746;"2016-03-29";76604;1833;1833;1;274410
44761;1465018757045;"2016-06-04";19255;1833;1833;1;274410
59178;1464331694268;"2016-05-27";55689;635;635;1;274844
63899;1463839504259;"2016-05-21";1000;307;307;1;274994
70880;1458571843664;"2016-03-21";42647;396;396;1;275247
57033;1462361955389;"2016-05-04";72895;419;838;2;275509
92390;1454261108850;"2016-01-31";62453;377;377;1;275510
